<!DOCTYPE html>
<!-- saved from url=(0058)https://giantfood.com/product-search/eggs?searchRef=recent -->
<html route-focus-delegator="" route-focus-init="" lang="en" ng-app="userApp" class="wf-proximanova-n4-active wf-proximanovasemiboldit-n4-active wf-proximanovaregularit-n4-active wf-active" style="--vh:9.12px; --header:189px;" tabindex="-1"><head><meta http-equiv="Content-Type" content="text/html; charset=UTF-8"><style type="text/css">@charset "UTF-8";[ng\:cloak],[ng-cloak],[data-ng-cloak],[x-ng-cloak],.ng-cloak,.x-ng-cloak,.ng-hide:not(.ng-hide-animate){display:none !important;}ng\:form{display:block;}.ng-animate-shim{visibility:hidden;}.ng-anchor{position:absolute;}</style>
<!-- Mobile viewport optimizations -->
<meta name="HandheldFriendly" content="true">
<meta name="viewport" content="width=device-width, initial-scale=1.0, maximum-scale=2.0, minimum-scale=1.0">
<meta name="apple-mobile-web-app-capable" content="yes">
<meta name="mobile-web-app-capable" content="yes">
<meta name="format-detection" content="telephone=no">
<meta name="keywords" content="home grocery delivery, home grocery shopping, grocery shopping from home, home grocery delivery service">
<meta name="Classification" content="grocery, food, grocery shopping">
<meta name="apple-itunes-app" content="app-id=423806284">
<meta name="google-play-app" content="app-id=com.giantfood.mobile.droid">
<meta http-equiv="X-UA-Compatible" content="IE=edge">

<link rel="canonical" href="https://giantfood.com/index.jhtml">
<meta name="twitter:card" content="summary">
<meta name="twitter:site" content="@GiantFood"> 
<meta name="twitter:image:src" content="https://i5.peapod.com/c/TX/TX14X.jpg">
<meta property="fb:admins" content="212571735459949">
<meta property="fb:app_id" content="212571735459949">
<meta property="og:type" content="website">
<meta property="og:url" content="https://giantfood.com/index.jhtml">
<meta property="og:image" content="https://i5.peapod.com/c/TX/TX14X.jpg">
<meta property="og:image:width" content="1200">
<meta property="og:image:height" content="630">
<meta property="og:site_name" content="Giant">
<title ng-bind="app.title">Search Results | Giant</title>
<meta name="twitter:title" content="Giant | Groceries, Pharmacy, Pickup and Delivery">
<meta property="og:title" content="Giant | Groceries, Pharmacy, Pickup and Delivery">
<meta name="description" content="Shop online at Giant and select same day pickup at one of our 150 stores. Sign up for an account and collect digital coupons and save!"> 
<meta property="og:description" content="Shop online at Giant and select same day pickup at one of our 150 stores. Sign up for an account and collect digital coupons and save!">
<meta name="twitter:description" content="Shop online at Giant and select same day pickup at one of our 150 stores. Sign up for an account and collect digital coupons and save!">
<!-- Apple Icon -->
<link rel="apple-touch-icon" sizes="57x57" href="https://giantfood.com/shop/images/favicon/gntl-apple-icon-57x57.png">
<link rel="apple-touch-icon" sizes="60x60" href="https://giantfood.com/shop/images/favicon/gntl-apple-icon-60x60.png">
<link rel="apple-touch-icon" sizes="72x72" href="https://giantfood.com/shop/images/favicon/gntl-apple-icon-72x72.png">
<link rel="apple-touch-icon" sizes="76x76" href="https://giantfood.com/shop/images/favicon/gntl-apple-icon-76x76.png">
<link rel="apple-touch-icon" sizes="114x114" href="https://giantfood.com/shop/images/favicon/gntl-apple-icon-114x114.png">
<link rel="apple-touch-icon" sizes="120x120" href="https://giantfood.com/shop/images/favicon/gntl-apple-icon-120x120.png">
<link rel="apple-touch-icon" sizes="144x144" href="https://giantfood.com/shop/images/favicon/gntl-apple-icon-144x144.png">
<link rel="apple-touch-icon" sizes="152x152" href="https://giantfood.com/shop/images/favicon/gntl-apple-icon-152x152.png">
<link rel="apple-touch-icon" sizes="180x180" href="https://giantfood.com/shop/images/favicon/gntl-apple-icon-180x180.png">
<!-- Android Icon medium *1, high *1.5, x-high *2, xx-high *3, xxx-high *4-->
<link rel="icon" type="image/png" sizes="16x16" href="https://giantfood.com/shop/images/favicon/gntl-favicon-16x16.png">
<link rel="icon" type="image/png" sizes="24x24" href="https://giantfood.com/shop/images/favicon/gntl-favicon-24x24.png">
<link rel="icon" type="image/png" sizes="32x32" href="https://giantfood.com/shop/images/favicon/gntl-favicon-32x32.png">
<link rel="icon" type="image/png" sizes="48x48" href="https://giantfood.com/shop/images/favicon/gntl-favicon-48x48.png">
<link rel="icon" type="image/png" sizes="64x64" href="https://giantfood.com/shop/images/favicon/gntl-favicon-64x64.png">
<link rel="icon" type="image/png" sizes="96x96" href="https://giantfood.com/shop/images/favicon/gntl-favicon-96x96.png"> 
<link rel="icon" type="image/png" sizes="192x192" href="https://giantfood.com/shop/images/favicon/gntl-android-icon-192x192.png">
<link rel="manifest" href="https://giantfood.com/shop/images/favicon/manifest-gntl.json">
<!-- IE11 Browser Icon-->
<meta name="msapplication-TileColor" content="#ffffff">
<meta name="msapplication-TileImage" content="/shop/images/favicon/gntl-ms-icon-144x144.png">
<meta name="msapplication-config" content="/shop/images/favicon/browserconfig-gntl.xml">
<meta name="theme-color" content="#ffffff">
<script src="./Search Results _ Giant_files/osd.js.download" nonce=""></script><script src="./Search Results _ Giant_files/ctcall.php" id="c3ct4464" type="text/javascript"></script><script async="" src="./Search Results _ Giant_files/insight.old.min.js.download"></script><script async="" src="./Search Results _ Giant_files/A2054615-cfda-46f7-ad30-2e233a24a2931.js.download"></script><script type="text/javascript" async="" src="./Search Results _ Giant_files/insight.min.js.download" nonce=""></script><script type="text/javascript" async="" src="./Search Results _ Giant_files/Resonance.aspx"></script><script type="text/javascript" async="" src="./Search Results _ Giant_files/renderPageCharge.json"></script><script type="text/javascript" async="" src="./Search Results _ Giant_files/renderPageCharge(1).json"></script><script type="text/javascript" async="" src="./Search Results _ Giant_files/ec.js.download" nonce=""></script><script src="./Search Results _ Giant_files/ctcall(1).php" id="c3ct9691" type="text/javascript"></script><script type="text/javascript" async="" src="./Search Results _ Giant_files/renderPageCharge(2).json"></script><script type="text/javascript" async="" src="./Search Results _ Giant_files/renderPageCharge(3).json"></script><script type="text/javascript" async="" src="./Search Results _ Giant_files/renderPageCharge(4).json"></script><script type="text/javascript" async="" src="./Search Results _ Giant_files/renderPageCharge(5).json"></script><script type="text/javascript" async="" src="./Search Results _ Giant_files/renderPageCharge(6).json"></script><script type="text/javascript" async="" src="./Search Results _ Giant_files/Resonance(1).aspx"></script><script async="" src="./Search Results _ Giant_files/main.d71a97dd.js.download"></script><script async="" src="./Search Results _ Giant_files/insight.old.min.js.download"></script><script async="" src="./Search Results _ Giant_files/A2054615-cfda-46f7-ad30-2e233a24a2931.js.download"></script><script type="text/javascript" async="" src="./Search Results _ Giant_files/insight.min.js.download" nonce=""></script><script type="text/javascript" async="" src="./Search Results _ Giant_files/core.js.download" nonce=""></script><script src="./Search Results _ Giant_files/287788395102720" async=""></script><script async="" src="./Search Results _ Giant_files/fbevents.js.download"></script><script type="text/javascript" async="" src="./Search Results _ Giant_files/bat.js.download" nonce=""></script><script type="text/javascript" async="" src="./Search Results _ Giant_files/linkid.js.download" nonce=""></script><script type="text/javascript" async="" src="./Search Results _ Giant_files/ecommerce.js.download" nonce=""></script><script type="text/javascript" async="" src="./Search Results _ Giant_files/analytics.js.download" nonce=""></script><script type="text/javascript" async="" src="./Search Results _ Giant_files/gtm.js.download" nonce=""></script><script type="text/javascript" src="./Search Results _ Giant_files/1604410317381" async=""></script><script async="" src="./Search Results _ Giant_files/analytics.js.download"></script><script type="text/javascript" async="" src="./Search Results _ Giant_files/recaptcha__en.js.download" crossorigin="anonymous" integrity="sha384-jSGc1DJfUHBT7BEgzYTQ48gjFDkqthDMj6JxtRjMZ5vRWJTCXgZR/6dFFLoyp6xc" nonce=""></script><script async="" src="./Search Results _ Giant_files/gtm.js(1).download"></script><script async="" src="./Search Results _ Giant_files/elevaate-tag.js.download"></script><script async="" src="./Search Results _ Giant_files/fs.js.download"></script><script nonce="" src="./Search Results _ Giant_files/ppdBundle.js.download" id="99849c6d41569f43ab9cdc725ed33bf0"></script>
<!-- BEGIN FullStory tracker snippet -->
<script>
if (typeof timeOrdQy === "undefined" || timeOrdQy <= 3) {
window['_fs_debug'] = false;
window['_fs_host'] = 'fullstory.com';
window['_fs_org'] = 'BYSXZ';
window['_fs_namespace'] = 'FS';
(function(m,n,e,t,l,o,g,y){
if (e in m) {if(m.console && m.console.log) { m.console.log('FullStory namespace conflict. Please set window["_fs_namespace"].');} return;}
g=m[e]=function(a,b){g.q?g.q.push([a,b]):g._api(a,b);};g.q=[];
o=n.createElement(t);o.async=1;o.src='https://'+_fs_host+'/s/fs.js';
y=n.getElementsByTagName(t)[0];y.parentNode.insertBefore(o,y);
g.identify=function(i,v){g(l,{uid:i});if(v)g(l,v)};g.setUserVars=function(v){g(l,v)};
g.shutdown=function(){g("rec",!1)};g.restart=function(){g("rec",!0)};
g.consent=function(a){g("consent",!arguments.length||a)};
g.identifyAccount=function(i,v){o='account';v=v||{};v.acctId=i;g(o,v)};
g.clearUserCookie=function(){};
})(window,document,window['_fs_namespace'],'script','user');
}
</script>
<!-- END Fullstory tracker snippet -->
<script type="text/javascript">
var appConfig = {
apiKey: '341',
googleAnalyticsId: 'UA-20096507-3',
orderStatusEtaBufferMinutes: 30,
orderStatusLateMinutes: 30,
orderStatusDepartureTimeHourOffset: 1,
secureEnabled: true,
optimizelyEnabled: true,
sessionTrackingEnabled: true,
optimizelyUrl: 'https://cdn.optimizely.com/js/8545500175.js',
encryptionScripts: {
scriptKey: 'https://safetechpageencryption.chasepaymentech.com/pie/v1/64100000000007/getkey.js?1499350371496',
scriptEncrypt: 'https://safetechpageencryption.chasepaymentech.com/pie/v1/encryption.js?14993503714961604410332509'
},
drEncryptionScript: '/scripts/payment/paymentech_include.jhtml',
productPrefs: {
showRecommendations: true
},
routeLogging: true,
modalLogging: true,
eventLogging: true,
exceptionLogging: true,
bazaarVoice: {
apiVersion: '5.4',
displayApiKey: '74f52k0udzrawbn3mlh3r8z0m',
displayApiUrl: '//api.bazaarvoice.com',
submitApiKey: '74f52k0udzrawbn3mlh3r8z0m',
submitApiUrl: '//api.bazaarvoice.com',
pageSize: 10
},
cdnUrl: 'https://i5.peapod.com',
opcoId: 'GNTL',
sessionTimeout: 900000,
devicePushEnabled: true,
defaultZip: null,
defaultPickupLocation: null
},
messageBundle = {},
callbacks = {},
resx = {},
UserVoice = window.UserVoice || [],
timeOrdQy = 0;
appConfig.opcoTheme = 'GNTL';
var googletag = googletag || {};
googletag.cmd = googletag.cmd || [];
window.dataLayer = window.dataLayer || [];
window.dataLayer.push({
'event': 'gt-dataLayer-initialized',
'pageCategory': 'landing',
'userId': 2,
'userGuid': '',
'userLoggedIn': !true,
'zipCode': '21037',
'state': 'MD',
'city': 'Edgewater',
'daysSinceLastOrder': 0,
'numberOfOrders': 0,
'brand': 'GNTL',
'customerType': 'C',
'orderStatus': 'WORKING'
});
</script>
<script src="./Search Results _ Giant_files/api.js.download" async="" defer="">
</script>
<script>
(function(w,d,s,u,p,a,h){w[p]=w[p]||[];w[p].push({event:'elevaate',
start:new Date().getTime()});p='?gv='+encodeURIComponent(p);a=d.createElement(s);
h=d.getElementsByTagName(s)[0];a.async=1;a.src=u+p;h.parentNode.insertBefore(a,h);
})(window, document,'script','//tag.elevaate.io/tag/retailer/peapod.com/elevaate-tag.js','elevaateData');
</script>
<script type="text/javascript">
appConfig.defaultZip = '';
appConfig.defaultPickupLocation = '';
</script>
<script>WebFontConfig = {
custom: {
families: ['ProximaNova', 'ProximaNova-RegularIt', 'ProximaNova-SemiboldIt'],
urls: ['/shop/dist/css/font_proximanova_227edf7d5834eb2deb836a4f5f1b449ec05cb6c4.css']
}
}</script>
<link href="./Search Results _ Giant_files/gntl_227edf7d5834eb2deb836a4f5f1b449ec05cb6c4.css" rel="stylesheet">
<script type="text/javascript" id="ca_eum_ba" src="./Search Results _ Giant_files/bajs" data-profileurl="https://dxc.dxi-na1.saas.broadcom.com/api/1/urn:ca:tenantId:72339406-A8CE-40EB-8018-C768582E9E69/urn:ca:appId:Peapod/profile?agent=browser" data-tenantid="72339406-A8CE-40EB-8018-C768582E9E69" data-appid="Peapod" data-appkey="d5cb1720-3c6d-11ea-9d6e-37ce1df836cf" async=""></script>
<script type="text/javascript" src="./Search Results _ Giant_files/queueclient.min.js.download"></script>
<script data-queueit-c="peapod" type="text/javascript" src="./Search Results _ Giant_files/queueconfigloader.min.js.download">
</script><script type="text/javascript" src="./Search Results _ Giant_files/queueclientConfig.js.download"></script>
<script src="./Search Results _ Giant_files/project-newman-external_227edf7d5834eb2deb836a4f5f1b449ec05cb6c4.js.download" charset="utf-8"></script>
<script src="./Search Results _ Giant_files/project-newman-user_227edf7d5834eb2deb836a4f5f1b449ec05cb6c4.js.download" charset="utf-8"></script><style type="text/css">.vector-icon_inline-text--left[data-v-7b5b6b2c]{margin-right:0}</style><style type="text/css">.vector-icon-size--xsmall[data-v-4e03913c]{margin-top:2px}</style>
<script src="./Search Results _ Giant_files/project-newman-tpls_227edf7d5834eb2deb836a4f5f1b449ec05cb6c4.js.download" charset="utf-8"></script>
<link rel="stylesheet" href="./Search Results _ Giant_files/font_proximanova_227edf7d5834eb2deb836a4f5f1b449ec05cb6c4.css" media="all"><script src="./Search Results _ Giant_files/webfontloader.js.download" type="text/javascript"></script>
<!--<base href="/">--><base href=".">
<script src="./Search Results _ Giant_files/WatsonAssistantChat.js.download" type="text/javascript" async=""></script><script charset="utf-8" src="./Search Results _ Giant_files/vendors_render_services.WatsonAssistantChat.js.download"></script><script charset="utf-8" src="./Search Results _ Giant_files/vendors_render.WatsonAssistantChat.js.download"></script><script charset="utf-8" src="./Search Results _ Giant_files/render_services.WatsonAssistantChat.js.download"></script><script charset="utf-8" src="./Search Results _ Giant_files/render.WatsonAssistantChat.js.download"></script><script charset="utf-8" src="./Search Results _ Giant_files/carbonTheme-g10.WatsonAssistantChat.js.download"></script><script charset="utf-8" src="./Search Results _ Giant_files/theme.WatsonAssistantChat.js.download"></script><script charset="utf-8" src="./Search Results _ Giant_files/services.WatsonAssistantChat.js.download"></script><script charset="utf-8" src="./Search Results _ Giant_files/session.WatsonAssistantChat.js.download"></script><script charset="utf-8" src="./Search Results _ Giant_files/css.WatsonAssistantChat.js.download"></script><script src="./Search Results _ Giant_files/pubads_impl_2020102901.js.download" nonce="" async=""></script><link rel="preload" href="./Search Results _ Giant_files/f.txt" as="script" nonce=""><script type="text/javascript" src="./Search Results _ Giant_files/f.txt" nonce=""></script><link rel="prefetch" href="https://1f42533c07b9eb7cb46853cf80248e5f.safeframe.googlesyndication.com/safeframe/1-0-37/html/container.html"><script charset="utf-8" src="./Search Results _ Giant_files/15_227edf7d5834eb2deb836a4f5f1b449ec05cb6c4.js.download"></script></head>
<body class="tablet-desktop with-subheader desktop browse-desktop" video-listener="" width-breakpoints="" ppd-order-status="" user-profile="" watch-width="" checkout-view="" ng-controller="viewHelperController" ng-class="{
&#39;with-subheader&#39;: app.subHeader != &#39;&#39;,
animateView: animateView,
authValidating: authValidating,
&#39;hidden-overflow-ng&#39;: activeView.length
}" ng-keydown="toggleFocus($event)" style="visibility: visible; padding-top: 189px;" data-new-gr-c-s-check-loaded="14.982.0">
<noscript>
<style>
header {
padding: 1rem 1rem 1rem 1rem;
background-color: #f2f2f2;
width: 100%;
font-size: larger;
overflow: scroll;
}
body {
overflow-y: scroll;
padding: 0rem 1rem;
}
.promo {
margin-left: 1rem;
border: 2px solid #5EA000;
padding: 0.5rem;
}
.large-text {
font-size: 3rem;
padding: 2rem 1rem 1rem 1rem;
}
.medium-text {
font-size: 2rem;
padding: 1rem;
}
#categories {
margin-left: 2rem;
}
footer {
margin-top: 2rem;
background-color: #f2f2f2;
}
#follow-us {
width: 30%;
}
#about-us {
width: 30%;
}
.seo_inline-block {
display: inline-block;
vertical-align: top;
margin: 1rem;
}
.seo_logo {
display: inline-block;
width: 49%;
text-align: left;
margin-left: 1rem;
font-size: x-large;
}
.seo_sign-in {
display: inline-block;
width: 48%;
text-align: right;
margin-right: 0;
}
.container--full-height {
display: none;
}
.product-list-entry {
padding: 5px 0 0;
}
.product-image {
vertical-align: middle;
padding: 0 1rem;
}
.sidebar {
display: none;
}
.superuser_status-display-wrapper {
display: none;
}
.video-modal_pane {
display: none;
}
.container--absolutely-fill {
display: none;
}
</style>
<header>
<div class="seo_logo">
<a href="/"><img alt="Giant" style="width: 33%;" src="https://i5.peapod.com/c/TX/TX14X.jpg"/></a>
<p class="select-text">Shop online at Giant and select same day pickup at one of our 150 stores. Sign up for an account and collect digital coupons and save!</p>
</div>
<div class="seo_sign-in"><a href="/shop/auth/?gateway=1">Sign In</a></div>
</header>
<main class="select-text">
<div id="categories">
</div>
</main>
<footer class="select-text">
<div id="about-us" class="seo_inline-block">
<h3>About Us</h3>
<ul>
<li><a href="/shop/auth/login/policy">Accessibility Policy</a><br/></li>
</ul>
</div>
</footer>
</noscript>
<!-- BEGIN Google Tag Manager noscript -->
<noscript>
<iframe
src="https://www.googletagmanager.com/ns.html?id=GTM-PN7ML7L"
height="0"
width="0"
style="display:none;visibility:hidden">
</iframe>
</noscript>
<!-- END Google Tag Manager noscript -->
<a aria-hidden="" href="https://giantfood.com/" ng-click="focusOn(&#39;main-content&#39;)" class="skip-nav" target="_self" tabindex="0">Skip to Main Content</a>
<div id="app"><div><div class="global-header-base"><!----> <header class="global-header"><nav aria-label="Main" class="global-header_nav global-header_nav--main spyglass-nav-group_wrapper"><button id="menu-button" aria-label="Menu" aria-haspopup="true" class="menu-button hidden-above-1200"><div class="menu-button_icon"><svg xmlns="http://www.w3.org/2000/svg" aria-label="menu" viewBox="0 0 38 32" role="presentation" aria-hidden="true" focusable="false" class=""><title lang="en">menu</title><desc></desc><g fill="" stroke=""><g><path d="M37.38 30.82h-37.38v-4h37.38zM37.38 17.4h-37.38v-4h37.38zM37.38 3.98h-37.38v-3.98h37.38z" fill="#001919"></path></g></g></svg></div></button><a id="brand-logo_link" href="https://giantfood.com/#" aria-label="Home" class="global-header_logo-container"><div class="vector-icon-gntl-logo"><svg xmlns="http://www.w3.org/2000/svg" aria-label="Giant Food Logo" viewBox="0 0 140 32" role="presentation" aria-hidden="true" focusable="false" class=""><title lang="en">Giant Food Logo</title><desc></desc><g fill="" stroke=""><g><path d="M166.56,58.47a21.44,21.44,0,0,1-9.65,2.32c-8.28,0-13.77-5.25-13.77-12.92,0-7.29,5.53-13.17,14.44-13.17A23.62,23.62,0,0,1,165.22,36v4.29a14.28,14.28,0,0,0-7.32-2.15c-5.74,0-9.93,3.94-9.93,9.61,0,5.35,3.66,9.65,9.41,9.65a9.66,9.66,0,0,0,4.82-1.13l.1-5.7h-6.39L158,47.19h8.75Z" transform="translate(-108.11 -29.93)" fill="#702877"></path><path d="M173.93,60.19h-4.12V42.77h4.12Zm.14-23.24a2.2,2.2,0,1,1-2.29-2.11h.07a2.12,2.12,0,0,1,2.23,2s0,.07,0,.1" transform="translate(-108.11 -29.93)" fill="#702877"></path><path d="M180.45,55.22a2.74,2.74,0,0,1,2.11-2.68,9,9,0,0,1,2.79-.28c.35,0,.74,0,1.13.07v4.58a7.86,7.86,0,0,1-3.1.81c-2.18,0-2.92-1.27-2.92-2.5m10.32,5c-.21-.77-.28-1-.28-4.53v-7c0-1.48,0-3.24-1.48-4.69a6.88,6.88,0,0,0-5-1.62,20.74,20.74,0,0,0-4.26.57l-2.15,3.66a14,14,0,0,1,5.18-1.23c3.14,0,3.66,1.65,3.66,4.3a16.22,16.22,0,0,0-2.22-.14,11.55,11.55,0,0,0-4.58.84,5.33,5.33,0,0,0-3.42,5A4.9,4.9,0,0,0,178,59.23a6.58,6.58,0,0,0,4.44,1.38,14.66,14.66,0,0,0,4.28-.8c0,.13.05.26.09.38Z" transform="translate(-108.11 -29.93)" fill="#702877"></path><path d="M218.68,60.37a8.91,8.91,0,0,1-2.09.25,4.46,4.46,0,0,1-3.48-1.34c-1.09-1.2-1-2.44-1-4l.07-9.54H209.9v-3h2.32V39.52l4.08-1.27v4.53h3.91v3h-4l-.07,7.61c0,1.9,0,2.64.42,3.27a2.49,2.49,0,0,0,2.15,1,7.68,7.68,0,0,0,2.32-.46Z" transform="translate(-108.11 -29.93)" fill="#702877"></path><path d="M207,43.81a6.44,6.44,0,0,0-4.37-1.44,11.84,11.84,0,0,0-3.48.61c-.41.15-1,.39-1.43.62v-.78h-4.18V60.21h4.18V46.62A5.5,5.5,0,0,1,201,45.55a3.65,3.65,0,0,1,2.39.73c1.16,1,1.16,2.36,1.19,5.11v8.83h4.12V48.6C208.64,47.09,208.6,45.3,207,43.81Z" transform="translate(-108.11 -29.93)" fill="#702877"></path><path d="M222.44,44.17h.22c.14,0,.24,0,.24-.17s-.14-.15-.25-.15h-.21Zm-.24-.51h.46c.31,0,.48.1.48.35a.31.31,0,0,1-.28.33h0l.33.53h-.25l-.3-.52h-.15v.54h-.24Zm.44,1.48a.86.86,0,1,0-.82-.89v0a.83.83,0,0,0,.8.86h0m0-2a1.09,1.09,0,1,1-1.12,1.09,1.09,1.09,0,0,1,1.12-1.09h0" transform="translate(-108.11 -29.93)" fill="#702877"></path><path d="M135.9,49.94h-7.75l9.24-9.24h0a1.6,1.6,0,0,0-.56-2.62l-.07,0h0a7.72,7.72,0,0,0-7.94,1.83c-.13.13-.25.26-.38.4V31.62h0a1.69,1.69,0,0,0-2.37-1.54l-.06,0h0a9.75,9.75,0,0,0-5.42,8.71,9.55,9.55,0,0,0,.12,1.49l-6.41-6.41h0a1.82,1.82,0,0,0-2.57,0,1.79,1.79,0,0,0-.41.63l0,.07v0a12.56,12.56,0,0,0,6.27,15.36h-7.47a2,2,0,0,0-1.82,2.79l0,.06v0a16.26,16.26,0,0,0,29.26,0l0,.08.06-.13a2,2,0,0,0-1.68-2.79" transform="translate(-108.11 -29.93)" fill="#fff"></path><path d="M109.47,52.2a.68.68,0,0,1,.62-.95h25.67a.67.67,0,0,1,.62.95h0a15,15,0,0,1-26.9,0" transform="translate(-108.11 -29.93)" fill="#f7a800"></path><path d="M112.53,35a.5.5,0,0,1,.11-.17.51.51,0,0,1,.72,0h0L127,48.48h0a.51.51,0,0,1,0,.72h0a.5.5,0,0,1-.17.11h0A11.25,11.25,0,0,1,112.53,35" transform="translate(-108.11 -29.93)" fill="#e2231a"></path><path d="M126.63,31.27a.35.35,0,0,1,.15,0,.38.38,0,0,1,.38.38h0V46h0a.38.38,0,0,1-.53.35h0a8.39,8.39,0,0,1,0-15.11" transform="translate(-108.11 -29.93)" fill="#712177"></path><path d="M136.36,39.31a.28.28,0,0,1,.1.07.29.29,0,0,1,0,.41h0l-7.73,7.72h0a.29.29,0,0,1-.47-.1h0a6.37,6.37,0,0,1,8.1-8.09" transform="translate(-108.11 -29.93)" fill="#82bc00"></path></g></g></svg></div></a><!----><div class="global-header_dropdown-container"><ul aria-label="Main" class="global-header_list visible-above-1200"><li class="nav-item global-header_nav-item"><button id="nav-browse-aisles" aria-haspopup="true" class="nav-item_button"> Browse Aisles <!----><div class="nav-item_caret"><div class="vector-icon-size--medium vector-icon-stroke--prime"><svg xmlns="http://www.w3.org/2000/svg" aria-label="down arrow" viewBox="0 0 32 32" role="presentation" aria-hidden="true" focusable="false" class=""><title lang="en">down arrow</title><desc></desc><g fill="" stroke=""><polyline fill="none" stroke-width="3" stroke-linecap="square" transform="translate(16.485250, 16.242750) rotate(-270.000000) translate(-16.485250, -16.242750) " points="12.2425 7.7575 20.728 16.2425 12.2425 24.728"></polyline></g></svg></div></div><div class="nav-item_caret" style="display: none;"><div class="vector-icon-size--medium vector-icon-stroke--prime"><svg xmlns="http://www.w3.org/2000/svg" aria-label="down up" viewBox="0 0 32 32" role="presentation" aria-hidden="true" focusable="false" class=""><title lang="en">down up</title><desc></desc><g fill="" stroke=""><polyline fill="none" stroke-width="3" stroke-linecap="square" transform="translate(16.485250, 16.242750) rotate(-90.000000) translate(-16.485250, -16.242750) " points="12.2425 7.7575 20.728 16.2425 12.2425 24.728"></polyline></g></svg></div></div></button></li><li class="nav-item global-header_nav-item"><button id="nav-my-shop" aria-haspopup="true" class="nav-item_button"> My Shop <!----><div class="nav-item_caret"><div class="vector-icon-size--medium vector-icon-stroke--prime"><svg xmlns="http://www.w3.org/2000/svg" aria-label="down arrow" viewBox="0 0 32 32" role="presentation" aria-hidden="true" focusable="false" class=""><title lang="en">down arrow</title><desc></desc><g fill="" stroke=""><polyline fill="none" stroke-width="3" stroke-linecap="square" transform="translate(16.485250, 16.242750) rotate(-270.000000) translate(-16.485250, -16.242750) " points="12.2425 7.7575 20.728 16.2425 12.2425 24.728"></polyline></g></svg></div></div><div class="nav-item_caret" style="display: none;"><div class="vector-icon-size--medium vector-icon-stroke--prime"><svg xmlns="http://www.w3.org/2000/svg" aria-label="down up" viewBox="0 0 32 32" role="presentation" aria-hidden="true" focusable="false" class=""><title lang="en">down up</title><desc></desc><g fill="" stroke=""><polyline fill="none" stroke-width="3" stroke-linecap="square" transform="translate(16.485250, 16.242750) rotate(-90.000000) translate(-16.485250, -16.242750) " points="12.2425 7.7575 20.728 16.2425 12.2425 24.728"></polyline></g></svg></div></div></button></li></ul><!----><!----><!----></div><!----><!----><!----><div class="global-header_resizable-section"><div class="global-header_search"><form action="https://giantfood.com/#" class="typeahead-container" data-attribute="search"><div id="typeahead-container_input" class="typeahead-container_input spyglass-nav-group_wrapper"><div class="typeahead-container_input-field"><div class="vector-icon-size--small typeahead-container_input-search-icon"><svg xmlns="http://www.w3.org/2000/svg" aria-label="Search" viewBox="0 0 28 28" role="presentation" aria-hidden="true" focusable="false" class=""><title lang="en">Search</title><desc></desc><g fill="" stroke=""><g><circle fill="none" cx="13.88" cy="13.66" r="9.28"></circle><line x1="25.85" y1="25.63" x2="20.77" y2="20.54"></line></g></g></svg></div><input id="typeahead-search-input" type="search" placeholder="" autocomplete="off" aria-label="Search by eggs"><!----><!----><!----><button class="search-field_clear-icon"><span class="element-invisible"> Clear search </span><span class="loading-spinner"><div class="loading-spinner_container"><span class="spinner"></span><span class="circle"></span><!----></div></span><div class="vector-icon-size--xsmall"><svg xmlns="http://www.w3.org/2000/svg" aria-label="Close" viewBox="0 0 32 32" role="presentation" aria-hidden="true" focusable="false" class="search-field_clear-icon--color"><title lang="en">Close</title><desc></desc><g fill="" stroke=""><path d="M0.646 31.354c0.861 0.861 2.262 0.861 3.123 0l12.23-12.23 12.23 12.23c0.861 0.861 2.262 0.861 3.123 0s0.861-2.262 0-3.123l-12.23-12.23 12.23-12.23c0.861-0.861 0.861-2.262 0-3.123s-2.262-0.861-3.123 0l-12.23 12.23-12.23-12.23c-0.861-0.861-2.262-0.861-3.123 0s-0.861 2.262 0 3.123l12.23 12.23-12.23 12.23c-0.862 0.861-0.862 2.262 0 3.123z"></path></g></svg></div></button><!----><!----></div><!----><!----></div></form></div></div><div class="global-header_account-container spyglass-nav-group_wrapper"><button id="header-account-button" aria-haspopup="true" class="account-button visible-above-1200"><div class="account-button_image"><div class=""><svg xmlns="http://www.w3.org/2000/svg" aria-label="My Account Icon" viewBox="0 0 32 32" role="presentation" aria-hidden="true" focusable="false" class=""><title lang="en">My Account Icon</title><desc></desc><g fill="" stroke=""><path fill="#9b9b9b" d="M30.405 32.145h-30.109l0.145-1.6c0.582-7.709 7.127-13.818 14.982-13.818s14.4 6.109 14.982 13.964v1.455zM3.496 29.236h23.709c-1.164-5.527-6.109-9.745-11.782-9.745s-10.764 4.218-11.927 9.745zM15.423 16c-4.364 0-8-3.636-8-8s3.636-8 8-8c4.364 0 8 3.636 8 8s-3.636 8-8 8zM15.423 2.909c-2.764 0-5.091 2.327-5.091 5.091s2.327 5.091 5.091 5.091c2.764 0 5.091-2.327 5.091-5.091s-2.327-5.091-5.091-5.091z"></path></g></svg></div></div> Sign In </button><!----><!----></div><button class="btn btn--primary cart-btn global-header_cart-button-container btn--small" cart-amount="0"><div class="cart-button-content"><div class="cart-button-content_text"> $0.00 </div><div class="cart-button-content_icon"><svg xmlns="http://www.w3.org/2000/svg" aria-label="cart" viewBox="0 0 36.58 32" role="presentation" aria-hidden="true" focusable="false" class=""><title lang="en">cart</title><desc></desc><g fill="white" stroke=""><g><path d="M6.92,29.71a2.29,2.29,0,1,0,2.29-2.29A2.29,2.29,0,0,0,6.92,29.71Zm20.57,0a2.29,2.29,0,1,0,2.29-2.29A2.29,2.29,0,0,0,27.5,29.71ZM0,1.14A1.14,1.14,0,0,0,1.14,2.29H3.52L4.94,8.36l2,9.93a2.11,2.11,0,0,0,.05.24L5.81,23.75a1.1,1.1,0,0,0,0,.25,1.14,1.14,0,0,0,1.14,1.14H32.85a1.14,1.14,0,1,0,0-2.29H8.35l.52-2.35.33.07H30l.35,0a2.37,2.37,0,0,0,2.28-1.72l3.72-11.4a2,2,0,0,0,.2-.88,2,2,0,0,0-2-2H6.92a2.18,2.18,0,0,0-.52.11L5.53.88A1.15,1.15,0,0,0,4.42,0H1.14A1.14,1.14,0,0,0,0,1.14ZM7,6.86H34.18l-3.65,11.2a2,2,0,0,1-.11.23H9.21v-.23l0-.22Z" transform="translate(0 0)"></path></g></g></svg></div></div></button></nav></header> <!----> <div class="global-header-base_scroll-section"><div class="header-nav_wrapper"><nav aria-label="secondary" class="global-header_nav global-header_nav--sub spyglass-nav-group_wrapper"><ul aria-label="secondary" class="global-header_list"><li class="nav-item"><a id="nav-coupons" href="https://giantfood.com/#" class="nav-item_link"> Coupons </a></li><li class="nav-item"><a id="nav-weekly-ad" href="https://giantfood.com/#" class="nav-item_link"> Weekly Ad </a></li><li class="nav-item"><a id="nav-flexible-rewards-" href="https://giantfood.com/#" class="nav-item_link"> Flexible Rewardsâ„¢ </a></li><li class="nav-item"><a id="nav-pharmacy" href="https://giantfood.com/#" class="nav-item_link"> Pharmacy </a></li><li class="nav-item"><a id="nav-wellness" href="https://giantfood.com/#" class="nav-item_link"> Wellness </a></li><li class="nav-item"><a id="nav-recipes-inspiration" href="https://recipecenter.giantfood.com/savory/recipes" target="_blank" class="nav-item_link"> Recipes &amp; Inspiration </a></li></ul><div class="subnav-shopping-mode"><a href="https://giantfood.com/#" class="subnav-shopping-mode_element robot-shopping-mode-type"><strong class="highlighted-text">In-Store</strong></a><span class="subnav-shopping-mode_element">at</span><a href="https://giantfood.com/#" class="subnav-shopping-mode_element robot-shopping-mode-location"><strong class="highlighted-text">13 Lee Airpark ...</strong></a><span class="subnav-shopping-mode_element">|</span><!----><a href="https://giantfood.com/#" class="subnav-shopping-mode_element robot-shopping-mode-slot"><strong class="highlighted-text">Try Pickup/Delivery</strong></a></div><!----></nav></div> <div><div class="title-bar"><div class="title-bar_left"><button class="title-bar_back-button"><span class="element-invisible"> Back </span><div class="title-bar_back-icon"><svg xmlns="http://www.w3.org/2000/svg" aria-label="Back" viewBox="0 0 32 32" role="presentation" aria-hidden="true" focusable="false" class=""><title lang="en">Back</title><desc></desc><g fill="" stroke="white"><polyline fill="none" stroke-width="2" stroke-linecap="square" transform="translate(15.242750, 16.485250) rotate(-180.000000) translate(-15.242750, -16.485250)" points="11 8 19.4855 16.485 11 24.9705"></polyline></g></svg></div></button><div class="title-bar_view-options"><button class="title-bar_view-button title-bar_view-button--grid-active"><div class="vector-icon-size--small flex-center"><svg xmlns="http://www.w3.org/2000/svg" aria-label="List View Icon" viewBox="0 0 32 32" role="presentation" aria-hidden="true" focusable="false" class="svg-icon icon-fill--reverse"><title lang="en">List View Icon</title><desc></desc><g fill="" stroke=""><path d="M12.444 17.778h28.444c1.067 0 1.778-0.711 1.778-1.778s-0.711-1.778-1.778-1.778h-28.444c-1.067 0-1.778 0.711-1.778 1.778s0.711 1.778 1.778 1.778zM12.444 3.556h28.444c1.067 0 1.778-0.711 1.778-1.778s-0.711-1.778-1.778-1.778h-28.444c-1.067 0-1.778 0.711-1.778 1.778s0.711 1.778 1.778 1.778zM12.444 32h28.444c1.067 0 1.778-0.711 1.778-1.778s-0.711-1.778-1.778-1.778h-28.444c-1.067 0-1.778 0.711-1.778 1.778s0.711 1.778 1.778 1.778zM0 1.778c0 1.067 0.711 1.778 1.778 1.778s1.778-0.711 1.778-1.778-0.711-1.778-1.778-1.778-1.778 0.711-1.778 1.778zM0 16c0 1.067 0.711 1.778 1.778 1.778s1.778-0.711 1.778-1.778-0.711-1.778-1.778-1.778-1.778 0.711-1.778 1.778zM0 30.222c0 1.067 0.711 1.778 1.778 1.778s1.778-0.711 1.778-1.778-0.711-1.778-1.778-1.778-1.778 0.711-1.778 1.778z"></path></g></svg></div></button><button disabled="disabled" class="title-bar_view-button"><div class="vector-icon-size--small flex-center"><svg xmlns="http://www.w3.org/2000/svg" aria-label="Grid View Icon" viewBox="0 0 32 32" role="presentation" aria-hidden="true" focusable="false" class="svg-icon icon-fill--reverse"><title lang="en">Grid View Icon</title><desc></desc><g fill="" stroke=""><path d="M2.667 13.333h8c1.473 0 2.667-1.194 2.667-2.667v-8c0-1.473-1.194-2.667-2.667-2.667h-8c-1.473 0-2.667 1.194-2.667 2.667v8c0 1.473 1.194 2.667 2.667 2.667zM21.333 13.333h8c1.473 0 2.667-1.194 2.667-2.667v-8c0-1.473-1.194-2.667-2.667-2.667h-8c-1.473 0-2.667 1.194-2.667 2.667v8c0 1.473 1.194 2.667 2.667 2.667zM0 29.333c0 1.473 1.194 2.667 2.667 2.667h8c1.473 0 2.667-1.194 2.667-2.667v-8c0-1.473-1.194-2.667-2.667-2.667h-8c-1.473 0-2.667 1.194-2.667 2.667v8zM18.667 29.333c0 1.473 1.194 2.667 2.667 2.667h8c1.473 0 2.667-1.194 2.667-2.667v-8c0-1.473-1.194-2.667-2.667-2.667h-8c-1.473 0-2.667 1.194-2.667 2.667v8z"></path></g></svg></div></button></div><!----></div><h1 class="title-bar_text"> Search Results </h1><div class="title-bar_right"><!----><!----><!----></div></div></div> <!----> <!----></div></div> <!----></div> <div><!----> <!----></div> <!----> <!----></div>
<div>
<div class="alert"><!----><!----></div>
</div>
<!----><div ng-include="&#39;/shop/site/partials/global/alert/alert.html&#39;"><div class="alert" alert=""><!----><!----><!----></div></div>
<!---->
<!---->
<!---->
<!---->
<!---->
<!---->
<!---->
<!---->
<!---->
<!---->
<!---->
<!---->
<!---->
<!---->
<!---->
<!---->
<!---->
<!---->
<!---->
<!---->
<!---->
<!---->
<!---->
<!---->
<!---->
<!---->
<div>
<!----><div ng-include="&#39;/shop/site/partials/global/page/page-view.html&#39;"><div id="exp_site_subheader" class="page-view_container"><div><div class="flex-content_row" aria-hidden=""><div><!----></div></div><main aria-hidden="" role="main" id="old-browser-wrapper"><!----><div ng-view="" modal-input-manager="" id="main-content" tabindex="-1" class="" style=""><div><div class="products-wrapper" ng-controller="ProductViewSubheaderController"><div class="flex-content_container"><div><!----><div class="flex-content_container"><div class="flex-content_row--expanded"><div><div><div><div controls-header="true"><div id="omni-search-result" class=""><!----><div class="content-behind product-view product-view-search"><div class="generic-content_wrapper"><div class=""><div class="tabs-wrapper"><ul role="tablist" class="tablist"><li id="products" role="tab" aria-selected="true" aria-controls="panel-products" tabindex="0" class="tab is-active tab--utility"> Products  </li><li id="articles" role="tab" aria-controls="panel-articles" tabindex="-1" class="tab tab--utility"> Articles  </li><li id="savings" role="tab" aria-controls="panel-savings" tabindex="-1" class="tab tab--utility"> Savings  </li></ul></div><div class="tabs-details"><div id="panel-products" role="tabpanel" aria-labelledby="products"><div ng-include="&#39;/shop/site/pages/omni-search/product-search-result.html&#39;"><div><div><div><div class="sort-filter_container"><div class="sort-filter_summary"><div><div><span>163 results for: <span class="sort-filter_summary-text--high-light">"eggs"</span></span></div><!----></div></div><div class="sort-filter_container--block"><div class="sort-filter_facets-container"><div class="sort-filter_checkbox-container"><div class="sort-filter_checkbox"><div><div class="checkbox"><input id="specials" name="simpleFacets" type="checkbox" aria-checked="false" class="checkbox_input" value="specials"><label for="specials" class="checkbox_label "><div class="checkbox_text checkbox_text--capitalized"><div class="checkbox_text--direction-row">Specials</div></div><div class="checkbox_box"><div class="checkbox_icon vector-icon-size--medium"><svg xmlns="http://www.w3.org/2000/svg" aria-label="Checked" viewBox="0 0 32 32" role="presentation" aria-hidden="true" focusable="false" class="vector-icon-stroke--prime"><title lang="en">Checked</title><desc></desc><g fill="" stroke=""><path fill="none" stroke-width="3" d="M28.279 7.467l-16.993 16.993-7.553-7.553"></path></g></svg></div></div></label></div></div><div><div class="checkbox"><input id="pastPurchases" name="simpleFacets" type="checkbox" aria-checked="false" class="checkbox_input" value="pastPurchases"><label for="pastPurchases" class="checkbox_label "><div class="checkbox_text checkbox_text--capitalized"><div class="checkbox_text--direction-row">Past Purchases</div></div><div class="checkbox_box"><div class="checkbox_icon vector-icon-size--medium"><svg xmlns="http://www.w3.org/2000/svg" aria-label="Checked" viewBox="0 0 32 32" role="presentation" aria-hidden="true" focusable="false" class="vector-icon-stroke--prime"><title lang="en">Checked</title><desc></desc><g fill="" stroke=""><path fill="none" stroke-width="3" d="M28.279 7.467l-16.993 16.993-7.553-7.553"></path></g></svg></div></div></label></div></div><div><div class="checkbox"><input id="privateLabel" name="simpleFacets" type="checkbox" aria-checked="false" class="checkbox_input" value="privateLabel"><label for="privateLabel" class="checkbox_label "><div class="checkbox_text checkbox_text--capitalized"><div class="checkbox_text--direction-row">Store Brand</div></div><div class="checkbox_box"><div class="checkbox_icon vector-icon-size--medium"><svg xmlns="http://www.w3.org/2000/svg" aria-label="Checked" viewBox="0 0 32 32" role="presentation" aria-hidden="true" focusable="false" class="vector-icon-stroke--prime"><title lang="en">Checked</title><desc></desc><g fill="" stroke=""><path fill="none" stroke-width="3" d="M28.279 7.467l-16.993 16.993-7.553-7.553"></path></g></svg></div></div></label></div></div><div><div class="checkbox"><input id="newArrivals" name="simpleFacets" type="checkbox" aria-checked="false" class="checkbox_input" value="newArrivals"><label for="newArrivals" class="checkbox_label "><div class="checkbox_text checkbox_text--capitalized"><div class="checkbox_text--direction-row">New</div></div><div class="checkbox_box"><div class="checkbox_icon vector-icon-size--medium"><svg xmlns="http://www.w3.org/2000/svg" aria-label="Checked" viewBox="0 0 32 32" role="presentation" aria-hidden="true" focusable="false" class="vector-icon-stroke--prime"><title lang="en">Checked</title><desc></desc><g fill="" stroke=""><path fill="none" stroke-width="3" d="M28.279 7.467l-16.993 16.993-7.553-7.553"></path></g></svg></div></div></label></div></div></div></div><div class=""><!----></div><div class=""><!----></div><div class=""><!----></div></div><div class="sort-filter_flex-center"><div class="sort-filter_flex-center--margin"><button aria-label="Filter Options" class="button button--darkest-grey button-width--med"><div class="sort-filter_modal-button"> All Filters <!----></div></button></div><div class="sort-filter_sort sort-filter_sort--padding" ><div><!----><div class="select"><select  data-attribute="sort" id="product-search-sort-by-select" class="select_select select_select--light"><!----><option class="select_option" value="bestMatch asc"> Best Match </option><option class="select_option" value="name asc"> Description </option><option class="select_option" value="unitPrice asc, name asc"> Unit Price </option><option class="select_option" value="price asc, name asc"> Price </option><option class="select_option" value="specials desc,name asc"> Specials </option><option class="select_option" value="category asc, name asc"> Aisle </option><option class="select_option" value="itemsPurchased desc, name asc"> Most Popular </option><option class="select_option" value="calories asc, name asc"> Calories </option><option class="select_option" value="fat asc, name asc"> Fat </option><option class="select_option" value="carbs asc, name asc"> Carbohydrates </option><option class="select_option" value="cholesterol asc, name asc"> Cholesterol </option><option class="select_option" value="fiber desc, name asc"> Dietary Fiber </option><option class="select_option" value="protein desc, name asc"> Protein </option><option class="select_option" value="sodium asc, name asc"> Sodium </option><option class="select_option" value="sugar asc, name asc"> Sugar </option></select><div class="select_caret vector-icon-size--medium"><svg xmlns="http://www.w3.org/2000/svg" aria-label="Show select" viewBox="0 0 32 32" role="presentation" aria-hidden="true" focusable="false" class="vector-icon-stroke--prime"><title lang="en">Show select</title><desc></desc><g fill="" stroke=""><polyline fill="none" stroke-width="3" stroke-linecap="square" transform="translate(16.485250, 16.242750) rotate(-270.000000) translate(-16.485250, -16.242750) " points="12.2425 7.7575 20.728 16.2425 12.2425 24.728"></polyline></g></svg></div></div><!----></div></div></div></div><!----></div><!----><!----></div></div><div class="search-shelf-header_container"><!----><div class="relative-el spyglass-nav-group_wrapper"><div data-gpt-id="gpt-generic-ad-2" class="flex-center ad-track-log pdl-generic-content_wrapper"><div id="gpt-generic-ad-2" class="interweaved-content_leader interweaved-content_trailer" data-google-query-id="CI7U2qK-5uwCFQHy4Qodi-kK2Q"><div id="google_ads_iframe_/21698680737/giantfood_0__container__" style="border: 0pt none; display: inline-block; width: 728px; height: 90px;"><iframe frameborder="0" src="./Search Results _ Giant_files/container.html" id="google_ads_iframe_/21698680737/giantfood_0" title="3rd party ad content" name="" scrolling="no" marginwidth="0" marginheight="0" width="728" height="90" data-is-safeframe="true" sandbox="allow-forms allow-popups allow-popups-to-escape-sandbox allow-same-origin allow-scripts allow-top-navigation-by-user-activation" data-google-container-id="1" style="border: 0px; vertical-align: bottom;" data-load-complete="true"></iframe></div></div></div><!----></div></div><!----><ul class="product-list product-list-quint"><!----><!----><!----><li id="product-0" tabindex="-1" data-product-id="158315" aria-label="Nature&#39;s Promise Free from Brown Eggs Large Omega-3" class="tile product-cell product-grid-cell"><!----><!----><!----><div class="product-tile_content"><div><!----><div class="flag_outer-container"><!----><!----><!----></div></div><!----><div><img src="./Search Results _ Giant_files/P8JJ8.jpg" alt="Nature&#39;s Promise Free from Brown Eggs Large Omega-3" class="product-grid-image product-grid-cell_main-image"></div><div class="product-grid-cell_price-tag product-grid-cell_price-tag--full-tile"><div class="product-tile_detail"><div class="product-grid-cell_price-container"><span role="link" class="product-grid-cell_main-price"> $5.19 </span><!----></div></div><div class="product-tile_detail-title"><div data-v-7b5b6b2c="" role="link" tabindex="0" class="product-grid-cell_name"><h3 data-v-7b5b6b2c="" aria-label="Nature&#39;s Promise Free from Brown Eggs Large Omega-3" class="product-grid-cell_name-text product-grid-cell_name-text--small"><span data-v-7b5b6b2c="" class="vector-icon_inline-text--left"><div data-v-7b5b6b2c="" class="vector-icon-size--xsmall"><svg xmlns="http://www.w3.org/2000/svg" aria-label="Ahold Icon" viewBox="0 0 1024 945" role="presentation" aria-hidden="true" focusable="false" class=""><title lang="en">Ahold Icon</title><desc></desc><g fill="" stroke=""><g data-v-7b5b6b2c=""><path data-v-7b5b6b2c="" d="M1.893 730.617c-1.289-2.094-2.052-4.631-2.052-7.346 0-0.747 0.058-1.481 0.169-2.197 0.158-12.396 10.227-22.466 22.687-22.634l895.306-0c12.476 0.168 22.545 10.237 22.713 22.698-0.521 3.721-1.182 6.924-2.024 10.053l0.131-0.574c-86.363 175.072-263.598 293.385-468.466 293.385s-382.103-118.313-467.105-290.339l-1.361-3.046z" fill="rgb(247, 168, 0)" class="path1"></path><path data-v-7b5b6b2c="" d="M107.889 132.495c1.893-1.893 1.893-3.786 3.786-5.678 2.98-3.491 7.385-5.69 12.303-5.69s9.323 2.199 12.284 5.668l0.019 0.022 476.983 476.983c3.491 2.98 5.69 7.385 5.69 12.303s-2.199 9.323-5.668 12.284c-1.399 1.869-3.361 3.216-5.631 3.789l-0.069 0.015c-38.446 13.732-82.796 21.669-129.001 21.669-108.416 0-206.626-43.699-277.977-114.443-70.367-71.826-113.809-170.317-113.809-278.955 0-45.803 7.722-89.803 21.936-130.767l-0.845 2.8z" fill="rgb(226, 35, 26)" class="path2"></path><path data-v-7b5b6b2c="" d="M600.015 1.893c1.247-1.204 2.948-1.946 4.822-1.946 0.302 0 0.6 0.019 0.891 0.057 0.057-0.006 0.164-0.007 0.272-0.007 7.15 0 12.947 5.796 12.947 12.947 0 0.108-0.001 0.215-0.004 0.322l0-0.016v503.482c0.002 0.091 0.004 0.199 0.004 0.306 0 7.15-5.796 12.947-12.947 12.947-0.108 0-0.215-0.001-0.322-0.004-0.241 0.034-0.539 0.053-0.841 0.053-1.874 0-3.574-0.742-4.824-1.948l0.002 0.002c-98.273-48.542-164.673-148.065-164.673-263.098s66.401-214.556 162.964-262.333l1.709-0.765z" fill="rgb(113, 33, 119)" class="path3"></path><path data-v-7b5b6b2c="" d="M938.824 283.919c1.893 0 1.893 1.893 3.786 1.893 1.765 2.012 2.841 4.666 2.841 7.571s-1.077 5.559-2.853 7.584l0.011-0.013-268.776 266.884c-2.012 1.765-4.666 2.841-7.571 2.841s-5.559-1.077-7.584-2.853c-1.144-0.651-1.911-1.879-1.911-3.285 0-0.172 0.012-0.342 0.034-0.508l-0.002 0.019c-7.681-21.529-12.12-46.363-12.12-72.235 0-61.263 24.891-116.712 65.111-156.786 39.326-39.792 93.895-64.431 154.219-64.431 26.857 0 52.573 4.884 76.309 13.812l-1.494-0.493z" fill="rgb(130, 188, 0)" class="path4"></path></g></g></svg></div></span> Nature's Promise Free from Brown Eggs Large Omega-3 </h3></div><div role="link" class="product-grid-cell_sizes"><span class="product-grid-cell_size"> 1.5 DOZ </span><span aria-hidden="true"> | </span><!----><span class="product-grid-cell_unit"> $3.46 / DOZ </span></div><!----></div><div class="product-grid-cell_promo-name"><!----><!----><!----><!----><!----></div><!----><div class="margin-top--one"><!----><div data-v-4e03913c="" class="pdl-add-to-cart"><div data-v-4e03913c="" class="pdl-add-to-cart_button"><button data-v-4e03913c="" aria-label="Add to Cart" data-product-id="158315" data-price="5.19" class="button button--add-to-cart"> Add to Cart <!----></button><!----></div><!----></div></div><!----></div></div><!----><!----><div class="product-tile_action-items"><!----><!----><div class="shopping-list-menu_container"><div><button aria-label="add to shopping list" class="button pdl-product-detail_top-icon button--fourth pdl-product-detail_top-icon--borderless"><!----><div class="vector-icon-size--large"><svg xmlns="http://www.w3.org/2000/svg" aria-label="Shopping List Icon Add" viewBox="0 0 32 32" role="presentation" aria-hidden="true" focusable="false" class="vector-icon-color--dark-grey"><title lang="en">Shopping List Icon Add</title><desc></desc><g fill="" stroke=""><path d="M21.94066,15.3368884 L21.94066,12.8931995 C21.94066,12.3409148 22.3883752,11.8931995 22.94066,11.8931995 C23.4929447,11.8931995 23.94066,12.3409148 23.94066,12.8931995 L23.94066,15.3368884 L26.2522624,15.3368884 C26.8045471,15.3368884 27.2522624,15.7846037 27.2522624,16.3368884 C27.2522624,16.8891732 26.8045471,17.3368884 26.2522624,17.3368884 L23.94066,17.3368884 L23.94066,19.8787952 C23.94066,20.43108 23.4929447,20.8787952 22.94066,20.8787952 C22.3883752,20.8787952 21.94066,20.43108 21.94066,19.8787952 L21.94066,17.3368884 L19.2666667,17.3368884 C18.7143819,17.3368884 18.2666667,16.8891732 18.2666667,16.3368884 C18.2666667,15.7846037 18.7143819,15.3368884 19.2666667,15.3368884 L21.94066,15.3368884 Z M8,12 C7.44771525,12 7,11.5522847 7,11 C7,10.4477153 7.44771525,10 8,10 L19.1153581,10 C19.6676429,10 20.1153581,10.4477153 20.1153581,11 C20.1153581,11.5522847 19.6676429,12 19.1153581,12 L8,12 Z M8,17.3368884 C7.44771525,17.3368884 7,16.8891732 7,16.3368884 C7,15.7846037 7.44771525,15.3368884 8,15.3368884 L14.7200696,15.3368884 C15.2723543,15.3368884 15.7200696,15.7846037 15.7200696,16.3368884 C15.7200696,16.8891732 15.2723543,17.3368884 14.7200696,17.3368884 L8,17.3368884 Z M8,23 C7.44771525,23 7,22.5522847 7,22 C7,21.4477153 7.44771525,21 8,21 L19.1153581,21 C19.6676429,21 20.1153581,21.4477153 20.1153581,22 C20.1153581,22.5522847 19.6676429,23 19.1153581,23 L8,23 Z" fill="#000000" fill-rule="nonzero"></path></g></svg></div><div class="pdl-product-detail_list-tooltip"><p>Add item to shopping list</p><i></i></div></button><!----></div></div></div><!----></li><!----><!----><!----><li id="product-1" tabindex="-1" data-product-id="3144" aria-label="Light &#39;n Fluffy Egg Noodles Extra Wide" class="tile product-cell product-grid-cell"><!----><!----><!----><div class="product-tile_content"><div><div class="flag_outer-container"><span class="flag_label flag_label--carrot"> Sponsored </span></div><!----></div><!----><div><img src="./Search Results _ Giant_files/70Q1P.png" alt="Light &#39;n Fluffy Egg Noodles Extra Wide" class="product-grid-image product-grid-cell_main-image"></div><div class="product-grid-cell_price-tag product-grid-cell_price-tag--full-tile"><div class="product-tile_detail"><div class="product-grid-cell_price-container product-grid-cell_price-container_column"><span role="link" class="product-grid-cell_main-price product-grid-cell_main-price--on-sale"> $1.50 </span><div class="product-grid-cell_was-container"><span class="product-grid-cell_regular-price product-grid-cell_regular-price--small"> $2.39 </span></div></div></div><div class="product-tile_detail-title"><div data-v-7b5b6b2c="" role="link" tabindex="0" class="product-grid-cell_name"><h3 data-v-7b5b6b2c="" aria-label="Light &#39;n Fluffy Egg Noodles Extra Wide" class="product-grid-cell_name-text product-grid-cell_name-text--small"><!----> Light 'n Fluffy Egg Noodles Extra Wide </h3></div><div role="link" class="product-grid-cell_sizes"><span class="product-grid-cell_size"> 12 OZ BAG </span><span aria-hidden="true"> | </span><!----><span class="product-grid-cell_unit"> $0.13 / OZ </span></div><!----></div><div class="product-grid-cell_promo-name"><!----><!----><!----><!----><!----></div><!----><div class="margin-top--one"><!----><div data-v-4e03913c="" class="pdl-add-to-cart"><div data-v-4e03913c="" class="pdl-add-to-cart_button"><button data-v-4e03913c="" aria-label="Add to Cart" data-product-id="3144" data-price="1.5" class="button button--add-to-cart"> Add to Cart <!----></button><!----></div><!----></div></div><!----></div></div><!----><!----><div class="product-tile_action-items"><!----><!----><div class="shopping-list-menu_container"><div><button aria-label="add to shopping list" class="button pdl-product-detail_top-icon button--fourth pdl-product-detail_top-icon--borderless"><!----><div class="vector-icon-size--large"><svg xmlns="http://www.w3.org/2000/svg" aria-label="Shopping List Icon Add" viewBox="0 0 32 32" role="presentation" aria-hidden="true" focusable="false" class="vector-icon-color--dark-grey"><title lang="en">Shopping List Icon Add</title><desc></desc><g fill="" stroke=""><path d="M21.94066,15.3368884 L21.94066,12.8931995 C21.94066,12.3409148 22.3883752,11.8931995 22.94066,11.8931995 C23.4929447,11.8931995 23.94066,12.3409148 23.94066,12.8931995 L23.94066,15.3368884 L26.2522624,15.3368884 C26.8045471,15.3368884 27.2522624,15.7846037 27.2522624,16.3368884 C27.2522624,16.8891732 26.8045471,17.3368884 26.2522624,17.3368884 L23.94066,17.3368884 L23.94066,19.8787952 C23.94066,20.43108 23.4929447,20.8787952 22.94066,20.8787952 C22.3883752,20.8787952 21.94066,20.43108 21.94066,19.8787952 L21.94066,17.3368884 L19.2666667,17.3368884 C18.7143819,17.3368884 18.2666667,16.8891732 18.2666667,16.3368884 C18.2666667,15.7846037 18.7143819,15.3368884 19.2666667,15.3368884 L21.94066,15.3368884 Z M8,12 C7.44771525,12 7,11.5522847 7,11 C7,10.4477153 7.44771525,10 8,10 L19.1153581,10 C19.6676429,10 20.1153581,10.4477153 20.1153581,11 C20.1153581,11.5522847 19.6676429,12 19.1153581,12 L8,12 Z M8,17.3368884 C7.44771525,17.3368884 7,16.8891732 7,16.3368884 C7,15.7846037 7.44771525,15.3368884 8,15.3368884 L14.7200696,15.3368884 C15.2723543,15.3368884 15.7200696,15.7846037 15.7200696,16.3368884 C15.7200696,16.8891732 15.2723543,17.3368884 14.7200696,17.3368884 L8,17.3368884 Z M8,23 C7.44771525,23 7,22.5522847 7,22 C7,21.4477153 7.44771525,21 8,21 L19.1153581,21 C19.6676429,21 20.1153581,21.4477153 20.1153581,22 C20.1153581,22.5522847 19.6676429,23 19.1153581,23 L8,23 Z" fill="#000000" fill-rule="nonzero"></path></g></svg></div><div class="pdl-product-detail_list-tooltip"><p>Add item to shopping list</p><i></i></div></button><!----></div></div></div><!----></li><!----><!----><!----><li id="product-2" tabindex="-1" data-product-id="3145" aria-label="Light &#39;n Fluffy Egg Noodles Wide" class="tile product-cell product-grid-cell"><!----><!----><!----><div class="product-tile_content"><div><div class="flag_outer-container"><span class="flag_label flag_label--carrot"> Sponsored </span></div><!----></div><!----><div><img src="./Search Results _ Giant_files/ECSB7.png" alt="Light &#39;n Fluffy Egg Noodles Wide" class="product-grid-image product-grid-cell_main-image"></div><div class="product-grid-cell_price-tag product-grid-cell_price-tag--full-tile"><div class="product-tile_detail"><div class="product-grid-cell_price-container product-grid-cell_price-container_column"><span role="link" class="product-grid-cell_main-price product-grid-cell_main-price--on-sale"> $1.50 </span><div class="product-grid-cell_was-container"><span class="product-grid-cell_regular-price product-grid-cell_regular-price--small"> $2.39 </span></div></div></div><div class="product-tile_detail-title"><div data-v-7b5b6b2c="" role="link" tabindex="0" class="product-grid-cell_name"><h3 data-v-7b5b6b2c="" aria-label="Light &#39;n Fluffy Egg Noodles Wide" class="product-grid-cell_name-text product-grid-cell_name-text--small"><!----> Light 'n Fluffy Egg Noodles Wide </h3></div><div role="link" class="product-grid-cell_sizes"><span class="product-grid-cell_size"> 12 OZ BAG </span><span aria-hidden="true"> | </span><!----><span class="product-grid-cell_unit"> $0.13 / OZ </span></div><!----></div><div class="product-grid-cell_promo-name"><!----><!----><!----><!----><!----></div><!----><div class="margin-top--one"><!----><div data-v-4e03913c="" class="pdl-add-to-cart"><div data-v-4e03913c="" class="pdl-add-to-cart_button"><button data-v-4e03913c="" aria-label="Add to Cart" data-product-id="3145" data-price="1.5" class="button button--add-to-cart"> Add to Cart <!----></button><!----></div><!----></div></div><!----></div></div><!----><!----><div class="product-tile_action-items"><!----><!----><div class="shopping-list-menu_container"><div><button aria-label="add to shopping list" class="button pdl-product-detail_top-icon button--fourth pdl-product-detail_top-icon--borderless"><!----><div class="vector-icon-size--large"><svg xmlns="http://www.w3.org/2000/svg" aria-label="Shopping List Icon Add" viewBox="0 0 32 32" role="presentation" aria-hidden="true" focusable="false" class="vector-icon-color--dark-grey"><title lang="en">Shopping List Icon Add</title><desc></desc><g fill="" stroke=""><path d="M21.94066,15.3368884 L21.94066,12.8931995 C21.94066,12.3409148 22.3883752,11.8931995 22.94066,11.8931995 C23.4929447,11.8931995 23.94066,12.3409148 23.94066,12.8931995 L23.94066,15.3368884 L26.2522624,15.3368884 C26.8045471,15.3368884 27.2522624,15.7846037 27.2522624,16.3368884 C27.2522624,16.8891732 26.8045471,17.3368884 26.2522624,17.3368884 L23.94066,17.3368884 L23.94066,19.8787952 C23.94066,20.43108 23.4929447,20.8787952 22.94066,20.8787952 C22.3883752,20.8787952 21.94066,20.43108 21.94066,19.8787952 L21.94066,17.3368884 L19.2666667,17.3368884 C18.7143819,17.3368884 18.2666667,16.8891732 18.2666667,16.3368884 C18.2666667,15.7846037 18.7143819,15.3368884 19.2666667,15.3368884 L21.94066,15.3368884 Z M8,12 C7.44771525,12 7,11.5522847 7,11 C7,10.4477153 7.44771525,10 8,10 L19.1153581,10 C19.6676429,10 20.1153581,10.4477153 20.1153581,11 C20.1153581,11.5522847 19.6676429,12 19.1153581,12 L8,12 Z M8,17.3368884 C7.44771525,17.3368884 7,16.8891732 7,16.3368884 C7,15.7846037 7.44771525,15.3368884 8,15.3368884 L14.7200696,15.3368884 C15.2723543,15.3368884 15.7200696,15.7846037 15.7200696,16.3368884 C15.7200696,16.8891732 15.2723543,17.3368884 14.7200696,17.3368884 L8,17.3368884 Z M8,23 C7.44771525,23 7,22.5522847 7,22 C7,21.4477153 7.44771525,21 8,21 L19.1153581,21 C19.6676429,21 20.1153581,21.4477153 20.1153581,22 C20.1153581,22.5522847 19.6676429,23 19.1153581,23 L8,23 Z" fill="#000000" fill-rule="nonzero"></path></g></svg></div><div class="pdl-product-detail_list-tooltip"><p>Add item to shopping list</p><i></i></div></button><!----></div></div></div><!----></li><!----><!----><!----><li id="product-3" tabindex="-1" data-product-id="57874" aria-label="Eggland&#39;s Best White Eggs Grade A Large Vegetarian Fed Hens" class="tile product-cell product-grid-cell"><!----><!----><!----><div class="product-tile_content"><div><!----><div class="flag_outer-container"><!----><!----><!----></div></div><!----><div><img src="./Search Results _ Giant_files/BN674.jpg" alt="Eggland&#39;s Best White Eggs Grade A Large Vegetarian Fed Hens" class="product-grid-image product-grid-cell_main-image"></div><div class="product-grid-cell_price-tag product-grid-cell_price-tag--full-tile"><div class="product-tile_detail"><div class="product-grid-cell_price-container"><span role="link" class="product-grid-cell_main-price"> $3.19 </span><!----></div></div><div class="product-tile_detail-title"><div data-v-7b5b6b2c="" role="link" tabindex="0" class="product-grid-cell_name"><h3 data-v-7b5b6b2c="" aria-label="Eggland&#39;s Best White Eggs Grade A Large Vegetarian Fed Hens" class="product-grid-cell_name-text product-grid-cell_name-text--small"><!----> Eggland's Best White Eggs Grade A Large Vegetarian Fed Hens </h3></div><div role="link" class="product-grid-cell_sizes"><span class="product-grid-cell_size"> 1 DOZ </span><span aria-hidden="true"> | </span><!----><span class="product-grid-cell_unit"> $3.19 / DOZ </span></div><!----></div><div class="product-grid-cell_promo-name"><!----><!----><!----><!----><!----></div><!----><div class="margin-top--one"><!----><div data-v-4e03913c="" class="pdl-add-to-cart"><div data-v-4e03913c="" class="pdl-add-to-cart_button"><button data-v-4e03913c="" aria-label="Add to Cart" data-product-id="57874" data-price="3.19" class="button button--add-to-cart"> Add to Cart <!----></button><!----></div><!----></div></div><!----></div></div><!----><!----><div class="product-tile_action-items"><!----><!----><div class="shopping-list-menu_container"><div><button aria-label="add to shopping list" class="button pdl-product-detail_top-icon button--fourth pdl-product-detail_top-icon--borderless"><!----><div class="vector-icon-size--large"><svg xmlns="http://www.w3.org/2000/svg" aria-label="Shopping List Icon Add" viewBox="0 0 32 32" role="presentation" aria-hidden="true" focusable="false" class="vector-icon-color--dark-grey"><title lang="en">Shopping List Icon Add</title><desc></desc><g fill="" stroke=""><path d="M21.94066,15.3368884 L21.94066,12.8931995 C21.94066,12.3409148 22.3883752,11.8931995 22.94066,11.8931995 C23.4929447,11.8931995 23.94066,12.3409148 23.94066,12.8931995 L23.94066,15.3368884 L26.2522624,15.3368884 C26.8045471,15.3368884 27.2522624,15.7846037 27.2522624,16.3368884 C27.2522624,16.8891732 26.8045471,17.3368884 26.2522624,17.3368884 L23.94066,17.3368884 L23.94066,19.8787952 C23.94066,20.43108 23.4929447,20.8787952 22.94066,20.8787952 C22.3883752,20.8787952 21.94066,20.43108 21.94066,19.8787952 L21.94066,17.3368884 L19.2666667,17.3368884 C18.7143819,17.3368884 18.2666667,16.8891732 18.2666667,16.3368884 C18.2666667,15.7846037 18.7143819,15.3368884 19.2666667,15.3368884 L21.94066,15.3368884 Z M8,12 C7.44771525,12 7,11.5522847 7,11 C7,10.4477153 7.44771525,10 8,10 L19.1153581,10 C19.6676429,10 20.1153581,10.4477153 20.1153581,11 C20.1153581,11.5522847 19.6676429,12 19.1153581,12 L8,12 Z M8,17.3368884 C7.44771525,17.3368884 7,16.8891732 7,16.3368884 C7,15.7846037 7.44771525,15.3368884 8,15.3368884 L14.7200696,15.3368884 C15.2723543,15.3368884 15.7200696,15.7846037 15.7200696,16.3368884 C15.7200696,16.8891732 15.2723543,17.3368884 14.7200696,17.3368884 L8,17.3368884 Z M8,23 C7.44771525,23 7,22.5522847 7,22 C7,21.4477153 7.44771525,21 8,21 L19.1153581,21 C19.6676429,21 20.1153581,21.4477153 20.1153581,22 C20.1153581,22.5522847 19.6676429,23 19.1153581,23 L8,23 Z" fill="#000000" fill-rule="nonzero"></path></g></svg></div><div class="pdl-product-detail_list-tooltip"><p>Add item to shopping list</p><i></i></div></button><!----></div></div></div><!----></li><!----><!----><!----><li id="product-4" tabindex="-1" data-product-id="222542" aria-label="Giant White Eggs Grade A Large Cage Free" class="tile product-cell product-grid-cell"><!----><!----><!----><div class="product-tile_content"><div><!----><div class="flag_outer-container"><!----><!----><!----></div></div><!----><div><img src="./Search Results _ Giant_files/9FV0B.jpg" alt="Giant White Eggs Grade A Large Cage Free" class="product-grid-image product-grid-cell_main-image"></div><div class="product-grid-cell_price-tag product-grid-cell_price-tag--full-tile"><div class="product-tile_detail"><div class="product-grid-cell_price-container"><span role="link" class="product-grid-cell_main-price"> $2.19 </span><!----></div></div><div class="product-tile_detail-title"><div data-v-7b5b6b2c="" role="link" tabindex="0" class="product-grid-cell_name"><h3 data-v-7b5b6b2c="" aria-label="Giant White Eggs Grade A Large Cage Free" class="product-grid-cell_name-text product-grid-cell_name-text--small"><span data-v-7b5b6b2c="" class="vector-icon_inline-text--left"><div data-v-7b5b6b2c="" class="vector-icon-size--xsmall"><svg xmlns="http://www.w3.org/2000/svg" aria-label="Ahold Icon" viewBox="0 0 1024 945" role="presentation" aria-hidden="true" focusable="false" class=""><title lang="en">Ahold Icon</title><desc></desc><g fill="" stroke=""><g data-v-7b5b6b2c=""><path data-v-7b5b6b2c="" d="M1.893 730.617c-1.289-2.094-2.052-4.631-2.052-7.346 0-0.747 0.058-1.481 0.169-2.197 0.158-12.396 10.227-22.466 22.687-22.634l895.306-0c12.476 0.168 22.545 10.237 22.713 22.698-0.521 3.721-1.182 6.924-2.024 10.053l0.131-0.574c-86.363 175.072-263.598 293.385-468.466 293.385s-382.103-118.313-467.105-290.339l-1.361-3.046z" fill="rgb(247, 168, 0)" class="path1"></path><path data-v-7b5b6b2c="" d="M107.889 132.495c1.893-1.893 1.893-3.786 3.786-5.678 2.98-3.491 7.385-5.69 12.303-5.69s9.323 2.199 12.284 5.668l0.019 0.022 476.983 476.983c3.491 2.98 5.69 7.385 5.69 12.303s-2.199 9.323-5.668 12.284c-1.399 1.869-3.361 3.216-5.631 3.789l-0.069 0.015c-38.446 13.732-82.796 21.669-129.001 21.669-108.416 0-206.626-43.699-277.977-114.443-70.367-71.826-113.809-170.317-113.809-278.955 0-45.803 7.722-89.803 21.936-130.767l-0.845 2.8z" fill="rgb(226, 35, 26)" class="path2"></path><path data-v-7b5b6b2c="" d="M600.015 1.893c1.247-1.204 2.948-1.946 4.822-1.946 0.302 0 0.6 0.019 0.891 0.057 0.057-0.006 0.164-0.007 0.272-0.007 7.15 0 12.947 5.796 12.947 12.947 0 0.108-0.001 0.215-0.004 0.322l0-0.016v503.482c0.002 0.091 0.004 0.199 0.004 0.306 0 7.15-5.796 12.947-12.947 12.947-0.108 0-0.215-0.001-0.322-0.004-0.241 0.034-0.539 0.053-0.841 0.053-1.874 0-3.574-0.742-4.824-1.948l0.002 0.002c-98.273-48.542-164.673-148.065-164.673-263.098s66.401-214.556 162.964-262.333l1.709-0.765z" fill="rgb(113, 33, 119)" class="path3"></path><path data-v-7b5b6b2c="" d="M938.824 283.919c1.893 0 1.893 1.893 3.786 1.893 1.765 2.012 2.841 4.666 2.841 7.571s-1.077 5.559-2.853 7.584l0.011-0.013-268.776 266.884c-2.012 1.765-4.666 2.841-7.571 2.841s-5.559-1.077-7.584-2.853c-1.144-0.651-1.911-1.879-1.911-3.285 0-0.172 0.012-0.342 0.034-0.508l-0.002 0.019c-7.681-21.529-12.12-46.363-12.12-72.235 0-61.263 24.891-116.712 65.111-156.786 39.326-39.792 93.895-64.431 154.219-64.431 26.857 0 52.573 4.884 76.309 13.812l-1.494-0.493z" fill="rgb(130, 188, 0)" class="path4"></path></g></g></svg></div></span> Giant White Eggs Grade A Large Cage Free </h3></div><div role="link" class="product-grid-cell_sizes"><span class="product-grid-cell_size"> 1 DOZ </span><span aria-hidden="true"> | </span><!----><span class="product-grid-cell_unit"> $2.19 / DOZ </span></div><!----></div><div class="product-grid-cell_promo-name"><!----><!----><!----><!----><!----></div><!----><div class="margin-top--one"><!----><div data-v-4e03913c="" class="pdl-add-to-cart"><div data-v-4e03913c="" class="pdl-add-to-cart_button"><button data-v-4e03913c="" aria-label="Add to Cart" data-product-id="222542" data-price="2.19" class="button button--add-to-cart"> Add to Cart <!----></button><!----></div><!----></div></div><!----></div></div><!----><!----><div class="product-tile_action-items"><!----><!----><div class="shopping-list-menu_container"><div><button aria-label="add to shopping list" class="button pdl-product-detail_top-icon button--fourth pdl-product-detail_top-icon--borderless"><!----><div class="vector-icon-size--large"><svg xmlns="http://www.w3.org/2000/svg" aria-label="Shopping List Icon Add" viewBox="0 0 32 32" role="presentation" aria-hidden="true" focusable="false" class="vector-icon-color--dark-grey"><title lang="en">Shopping List Icon Add</title><desc></desc><g fill="" stroke=""><path d="M21.94066,15.3368884 L21.94066,12.8931995 C21.94066,12.3409148 22.3883752,11.8931995 22.94066,11.8931995 C23.4929447,11.8931995 23.94066,12.3409148 23.94066,12.8931995 L23.94066,15.3368884 L26.2522624,15.3368884 C26.8045471,15.3368884 27.2522624,15.7846037 27.2522624,16.3368884 C27.2522624,16.8891732 26.8045471,17.3368884 26.2522624,17.3368884 L23.94066,17.3368884 L23.94066,19.8787952 C23.94066,20.43108 23.4929447,20.8787952 22.94066,20.8787952 C22.3883752,20.8787952 21.94066,20.43108 21.94066,19.8787952 L21.94066,17.3368884 L19.2666667,17.3368884 C18.7143819,17.3368884 18.2666667,16.8891732 18.2666667,16.3368884 C18.2666667,15.7846037 18.7143819,15.3368884 19.2666667,15.3368884 L21.94066,15.3368884 Z M8,12 C7.44771525,12 7,11.5522847 7,11 C7,10.4477153 7.44771525,10 8,10 L19.1153581,10 C19.6676429,10 20.1153581,10.4477153 20.1153581,11 C20.1153581,11.5522847 19.6676429,12 19.1153581,12 L8,12 Z M8,17.3368884 C7.44771525,17.3368884 7,16.8891732 7,16.3368884 C7,15.7846037 7.44771525,15.3368884 8,15.3368884 L14.7200696,15.3368884 C15.2723543,15.3368884 15.7200696,15.7846037 15.7200696,16.3368884 C15.7200696,16.8891732 15.2723543,17.3368884 14.7200696,17.3368884 L8,17.3368884 Z M8,23 C7.44771525,23 7,22.5522847 7,22 C7,21.4477153 7.44771525,21 8,21 L19.1153581,21 C19.6676429,21 20.1153581,21.4477153 20.1153581,22 C20.1153581,22.5522847 19.6676429,23 19.1153581,23 L8,23 Z" fill="#000000" fill-rule="nonzero"></path></g></svg></div><div class="pdl-product-detail_list-tooltip"><p>Add item to shopping list</p><i></i></div></button><!----></div></div></div><!----></li><!----><!----><!----><li id="product-5" tabindex="-1" data-product-id="222539" aria-label="Nature&#39;s Promise Organic Brown Eggs Extra Large Free Range" class="tile product-cell product-grid-cell"><!----><!----><!----><div class="product-tile_content"><div><!----><div class="flag_outer-container"><!----><!----><!----></div></div><!----><div><img src="./Search Results _ Giant_files/KJHZ9.jpg" alt="Nature&#39;s Promise Organic Brown Eggs Extra Large Free Range" class="product-grid-image product-grid-cell_main-image"></div><div class="product-grid-cell_price-tag product-grid-cell_price-tag--full-tile"><div class="product-tile_detail"><div class="product-grid-cell_price-container"><span role="link" class="product-grid-cell_main-price"> $4.99 </span><!----></div></div><div class="product-tile_detail-title"><div data-v-7b5b6b2c="" role="link" tabindex="0" class="product-grid-cell_name"><h3 data-v-7b5b6b2c="" aria-label="Nature&#39;s Promise Organic Brown Eggs Extra Large Free Range" class="product-grid-cell_name-text product-grid-cell_name-text--small"><span data-v-7b5b6b2c="" class="vector-icon_inline-text--left"><div data-v-7b5b6b2c="" class="vector-icon-size--xsmall"><svg xmlns="http://www.w3.org/2000/svg" aria-label="Ahold Icon" viewBox="0 0 1024 945" role="presentation" aria-hidden="true" focusable="false" class=""><title lang="en">Ahold Icon</title><desc></desc><g fill="" stroke=""><g data-v-7b5b6b2c=""><path data-v-7b5b6b2c="" d="M1.893 730.617c-1.289-2.094-2.052-4.631-2.052-7.346 0-0.747 0.058-1.481 0.169-2.197 0.158-12.396 10.227-22.466 22.687-22.634l895.306-0c12.476 0.168 22.545 10.237 22.713 22.698-0.521 3.721-1.182 6.924-2.024 10.053l0.131-0.574c-86.363 175.072-263.598 293.385-468.466 293.385s-382.103-118.313-467.105-290.339l-1.361-3.046z" fill="rgb(247, 168, 0)" class="path1"></path><path data-v-7b5b6b2c="" d="M107.889 132.495c1.893-1.893 1.893-3.786 3.786-5.678 2.98-3.491 7.385-5.69 12.303-5.69s9.323 2.199 12.284 5.668l0.019 0.022 476.983 476.983c3.491 2.98 5.69 7.385 5.69 12.303s-2.199 9.323-5.668 12.284c-1.399 1.869-3.361 3.216-5.631 3.789l-0.069 0.015c-38.446 13.732-82.796 21.669-129.001 21.669-108.416 0-206.626-43.699-277.977-114.443-70.367-71.826-113.809-170.317-113.809-278.955 0-45.803 7.722-89.803 21.936-130.767l-0.845 2.8z" fill="rgb(226, 35, 26)" class="path2"></path><path data-v-7b5b6b2c="" d="M600.015 1.893c1.247-1.204 2.948-1.946 4.822-1.946 0.302 0 0.6 0.019 0.891 0.057 0.057-0.006 0.164-0.007 0.272-0.007 7.15 0 12.947 5.796 12.947 12.947 0 0.108-0.001 0.215-0.004 0.322l0-0.016v503.482c0.002 0.091 0.004 0.199 0.004 0.306 0 7.15-5.796 12.947-12.947 12.947-0.108 0-0.215-0.001-0.322-0.004-0.241 0.034-0.539 0.053-0.841 0.053-1.874 0-3.574-0.742-4.824-1.948l0.002 0.002c-98.273-48.542-164.673-148.065-164.673-263.098s66.401-214.556 162.964-262.333l1.709-0.765z" fill="rgb(113, 33, 119)" class="path3"></path><path data-v-7b5b6b2c="" d="M938.824 283.919c1.893 0 1.893 1.893 3.786 1.893 1.765 2.012 2.841 4.666 2.841 7.571s-1.077 5.559-2.853 7.584l0.011-0.013-268.776 266.884c-2.012 1.765-4.666 2.841-7.571 2.841s-5.559-1.077-7.584-2.853c-1.144-0.651-1.911-1.879-1.911-3.285 0-0.172 0.012-0.342 0.034-0.508l-0.002 0.019c-7.681-21.529-12.12-46.363-12.12-72.235 0-61.263 24.891-116.712 65.111-156.786 39.326-39.792 93.895-64.431 154.219-64.431 26.857 0 52.573 4.884 76.309 13.812l-1.494-0.493z" fill="rgb(130, 188, 0)" class="path4"></path></g></g></svg></div></span> Nature's Promise Organic Brown Eggs Extra Large Free Range </h3></div><div role="link" class="product-grid-cell_sizes"><span class="product-grid-cell_size"> 1 DOZ </span><span aria-hidden="true"> | </span><!----><span class="product-grid-cell_unit"> $4.99 / DOZ </span></div><!----></div><div class="product-grid-cell_promo-name"><!----><!----><!----><!----><!----></div><!----><div class="margin-top--one"><!----><div data-v-4e03913c="" class="pdl-add-to-cart"><div data-v-4e03913c="" class="pdl-add-to-cart_button"><button data-v-4e03913c="" aria-label="Add to Cart" data-product-id="222539" data-price="4.99" class="button button--add-to-cart"> Add to Cart <!----></button><!----></div><!----></div></div><!----></div></div><!----><!----><div class="product-tile_action-items"><!----><!----><div class="shopping-list-menu_container"><div><button aria-label="add to shopping list" class="button pdl-product-detail_top-icon button--fourth pdl-product-detail_top-icon--borderless"><!----><div class="vector-icon-size--large"><svg xmlns="http://www.w3.org/2000/svg" aria-label="Shopping List Icon Add" viewBox="0 0 32 32" role="presentation" aria-hidden="true" focusable="false" class="vector-icon-color--dark-grey"><title lang="en">Shopping List Icon Add</title><desc></desc><g fill="" stroke=""><path d="M21.94066,15.3368884 L21.94066,12.8931995 C21.94066,12.3409148 22.3883752,11.8931995 22.94066,11.8931995 C23.4929447,11.8931995 23.94066,12.3409148 23.94066,12.8931995 L23.94066,15.3368884 L26.2522624,15.3368884 C26.8045471,15.3368884 27.2522624,15.7846037 27.2522624,16.3368884 C27.2522624,16.8891732 26.8045471,17.3368884 26.2522624,17.3368884 L23.94066,17.3368884 L23.94066,19.8787952 C23.94066,20.43108 23.4929447,20.8787952 22.94066,20.8787952 C22.3883752,20.8787952 21.94066,20.43108 21.94066,19.8787952 L21.94066,17.3368884 L19.2666667,17.3368884 C18.7143819,17.3368884 18.2666667,16.8891732 18.2666667,16.3368884 C18.2666667,15.7846037 18.7143819,15.3368884 19.2666667,15.3368884 L21.94066,15.3368884 Z M8,12 C7.44771525,12 7,11.5522847 7,11 C7,10.4477153 7.44771525,10 8,10 L19.1153581,10 C19.6676429,10 20.1153581,10.4477153 20.1153581,11 C20.1153581,11.5522847 19.6676429,12 19.1153581,12 L8,12 Z M8,17.3368884 C7.44771525,17.3368884 7,16.8891732 7,16.3368884 C7,15.7846037 7.44771525,15.3368884 8,15.3368884 L14.7200696,15.3368884 C15.2723543,15.3368884 15.7200696,15.7846037 15.7200696,16.3368884 C15.7200696,16.8891732 15.2723543,17.3368884 14.7200696,17.3368884 L8,17.3368884 Z M8,23 C7.44771525,23 7,22.5522847 7,22 C7,21.4477153 7.44771525,21 8,21 L19.1153581,21 C19.6676429,21 20.1153581,21.4477153 20.1153581,22 C20.1153581,22.5522847 19.6676429,23 19.1153581,23 L8,23 Z" fill="#000000" fill-rule="nonzero"></path></g></svg></div><div class="pdl-product-detail_list-tooltip"><p>Add item to shopping list</p><i></i></div></button><!----></div></div></div><!----></li><!----><!----><!----><li id="product-6" tabindex="-1" data-product-id="222548" aria-label="Giant White Eggs Grade A Large Cage Free" class="tile product-cell product-grid-cell"><!----><!----><!----><div class="product-tile_content"><div><!----><div class="flag_outer-container"><!----><!----><!----></div></div><!----><div><img src="./Search Results _ Giant_files/T2ZHJ.jpg" alt="Giant White Eggs Grade A Large Cage Free" class="product-grid-image product-grid-cell_main-image"></div><div class="product-grid-cell_price-tag product-grid-cell_price-tag--full-tile"><div class="product-tile_detail"><div class="product-grid-cell_price-container"><span role="link" class="product-grid-cell_main-price"> $3.29 </span><!----></div></div><div class="product-tile_detail-title"><div data-v-7b5b6b2c="" role="link" tabindex="0" class="product-grid-cell_name"><h3 data-v-7b5b6b2c="" aria-label="Giant White Eggs Grade A Large Cage Free" class="product-grid-cell_name-text product-grid-cell_name-text--small"><span data-v-7b5b6b2c="" class="vector-icon_inline-text--left"><div data-v-7b5b6b2c="" class="vector-icon-size--xsmall"><svg xmlns="http://www.w3.org/2000/svg" aria-label="Ahold Icon" viewBox="0 0 1024 945" role="presentation" aria-hidden="true" focusable="false" class=""><title lang="en">Ahold Icon</title><desc></desc><g fill="" stroke=""><g data-v-7b5b6b2c=""><path data-v-7b5b6b2c="" d="M1.893 730.617c-1.289-2.094-2.052-4.631-2.052-7.346 0-0.747 0.058-1.481 0.169-2.197 0.158-12.396 10.227-22.466 22.687-22.634l895.306-0c12.476 0.168 22.545 10.237 22.713 22.698-0.521 3.721-1.182 6.924-2.024 10.053l0.131-0.574c-86.363 175.072-263.598 293.385-468.466 293.385s-382.103-118.313-467.105-290.339l-1.361-3.046z" fill="rgb(247, 168, 0)" class="path1"></path><path data-v-7b5b6b2c="" d="M107.889 132.495c1.893-1.893 1.893-3.786 3.786-5.678 2.98-3.491 7.385-5.69 12.303-5.69s9.323 2.199 12.284 5.668l0.019 0.022 476.983 476.983c3.491 2.98 5.69 7.385 5.69 12.303s-2.199 9.323-5.668 12.284c-1.399 1.869-3.361 3.216-5.631 3.789l-0.069 0.015c-38.446 13.732-82.796 21.669-129.001 21.669-108.416 0-206.626-43.699-277.977-114.443-70.367-71.826-113.809-170.317-113.809-278.955 0-45.803 7.722-89.803 21.936-130.767l-0.845 2.8z" fill="rgb(226, 35, 26)" class="path2"></path><path data-v-7b5b6b2c="" d="M600.015 1.893c1.247-1.204 2.948-1.946 4.822-1.946 0.302 0 0.6 0.019 0.891 0.057 0.057-0.006 0.164-0.007 0.272-0.007 7.15 0 12.947 5.796 12.947 12.947 0 0.108-0.001 0.215-0.004 0.322l0-0.016v503.482c0.002 0.091 0.004 0.199 0.004 0.306 0 7.15-5.796 12.947-12.947 12.947-0.108 0-0.215-0.001-0.322-0.004-0.241 0.034-0.539 0.053-0.841 0.053-1.874 0-3.574-0.742-4.824-1.948l0.002 0.002c-98.273-48.542-164.673-148.065-164.673-263.098s66.401-214.556 162.964-262.333l1.709-0.765z" fill="rgb(113, 33, 119)" class="path3"></path><path data-v-7b5b6b2c="" d="M938.824 283.919c1.893 0 1.893 1.893 3.786 1.893 1.765 2.012 2.841 4.666 2.841 7.571s-1.077 5.559-2.853 7.584l0.011-0.013-268.776 266.884c-2.012 1.765-4.666 2.841-7.571 2.841s-5.559-1.077-7.584-2.853c-1.144-0.651-1.911-1.879-1.911-3.285 0-0.172 0.012-0.342 0.034-0.508l-0.002 0.019c-7.681-21.529-12.12-46.363-12.12-72.235 0-61.263 24.891-116.712 65.111-156.786 39.326-39.792 93.895-64.431 154.219-64.431 26.857 0 52.573 4.884 76.309 13.812l-1.494-0.493z" fill="rgb(130, 188, 0)" class="path4"></path></g></g></svg></div></span> Giant White Eggs Grade A Large Cage Free </h3></div><div role="link" class="product-grid-cell_sizes"><span class="product-grid-cell_size"> 1.5 DOZ </span><span aria-hidden="true"> | </span><!----><span class="product-grid-cell_unit"> $2.19 / DOZ </span></div><!----></div><div class="product-grid-cell_promo-name"><!----><!----><!----><!----><!----></div><!----><div class="margin-top--one"><div class="pdl-add-to-cart"><button class="button button--disabled out-of-stock_text"> Out of Stock </button><!----></div><!----></div><!----></div></div><!----><!----><div class="product-tile_action-items"><!----><!----><div class="shopping-list-menu_container"><div><button aria-label="add to shopping list" class="button pdl-product-detail_top-icon button--fourth pdl-product-detail_top-icon--borderless"><!----><div class="vector-icon-size--large"><svg xmlns="http://www.w3.org/2000/svg" aria-label="Shopping List Icon Add" viewBox="0 0 32 32" role="presentation" aria-hidden="true" focusable="false" class="vector-icon-color--dark-grey"><title lang="en">Shopping List Icon Add</title><desc></desc><g fill="" stroke=""><path d="M21.94066,15.3368884 L21.94066,12.8931995 C21.94066,12.3409148 22.3883752,11.8931995 22.94066,11.8931995 C23.4929447,11.8931995 23.94066,12.3409148 23.94066,12.8931995 L23.94066,15.3368884 L26.2522624,15.3368884 C26.8045471,15.3368884 27.2522624,15.7846037 27.2522624,16.3368884 C27.2522624,16.8891732 26.8045471,17.3368884 26.2522624,17.3368884 L23.94066,17.3368884 L23.94066,19.8787952 C23.94066,20.43108 23.4929447,20.8787952 22.94066,20.8787952 C22.3883752,20.8787952 21.94066,20.43108 21.94066,19.8787952 L21.94066,17.3368884 L19.2666667,17.3368884 C18.7143819,17.3368884 18.2666667,16.8891732 18.2666667,16.3368884 C18.2666667,15.7846037 18.7143819,15.3368884 19.2666667,15.3368884 L21.94066,15.3368884 Z M8,12 C7.44771525,12 7,11.5522847 7,11 C7,10.4477153 7.44771525,10 8,10 L19.1153581,10 C19.6676429,10 20.1153581,10.4477153 20.1153581,11 C20.1153581,11.5522847 19.6676429,12 19.1153581,12 L8,12 Z M8,17.3368884 C7.44771525,17.3368884 7,16.8891732 7,16.3368884 C7,15.7846037 7.44771525,15.3368884 8,15.3368884 L14.7200696,15.3368884 C15.2723543,15.3368884 15.7200696,15.7846037 15.7200696,16.3368884 C15.7200696,16.8891732 15.2723543,17.3368884 14.7200696,17.3368884 L8,17.3368884 Z M8,23 C7.44771525,23 7,22.5522847 7,22 C7,21.4477153 7.44771525,21 8,21 L19.1153581,21 C19.6676429,21 20.1153581,21.4477153 20.1153581,22 C20.1153581,22.5522847 19.6676429,23 19.1153581,23 L8,23 Z" fill="#000000" fill-rule="nonzero"></path></g></svg></div><div class="pdl-product-detail_list-tooltip"><p>Add item to shopping list</p><i></i></div></button><!----></div></div></div><!----></li><!----><!----><!----><li id="product-7" tabindex="-1" data-product-id="104299" aria-label="Organic Valley Brown Eggs Grade A Large Free-Range" class="tile product-cell product-grid-cell"><!----><!----><!----><div class="product-tile_content"><div><!----><div class="flag_outer-container"><!----><!----><!----></div></div><!----><div><img src="./Search Results _ Giant_files/CU5EU.jpg" alt="Organic Valley Brown Eggs Grade A Large Free-Range" class="product-grid-image product-grid-cell_main-image"></div><div class="product-grid-cell_price-tag product-grid-cell_price-tag--full-tile"><div class="product-tile_detail"><div class="product-grid-cell_price-container"><span role="link" class="product-grid-cell_main-price"> $5.99 </span><!----></div></div><div class="product-tile_detail-title"><div data-v-7b5b6b2c="" role="link" tabindex="0" class="product-grid-cell_name"><h3 data-v-7b5b6b2c="" aria-label="Organic Valley Brown Eggs Grade A Large Free-Range" class="product-grid-cell_name-text product-grid-cell_name-text--small"><!----> Organic Valley Brown Eggs Grade A Large Free-Range </h3></div><div role="link" class="product-grid-cell_sizes"><span class="product-grid-cell_size"> 1 DOZ </span><span aria-hidden="true"> | </span><!----><span class="product-grid-cell_unit"> $5.99 / DOZ </span></div><!----></div><div class="product-grid-cell_promo-name"><!----><!----><!----><!----><!----></div><!----><div class="margin-top--one"><!----><div data-v-4e03913c="" class="pdl-add-to-cart"><div data-v-4e03913c="" class="pdl-add-to-cart_button"><button data-v-4e03913c="" aria-label="Add to Cart" data-product-id="104299" data-price="5.99" class="button button--add-to-cart"> Add to Cart <!----></button><!----></div><!----></div></div><!----></div></div><!----><!----><div class="product-tile_action-items"><!----><!----><div class="shopping-list-menu_container"><div><button aria-label="add to shopping list" class="button pdl-product-detail_top-icon button--fourth pdl-product-detail_top-icon--borderless"><!----><div class="vector-icon-size--large"><svg xmlns="http://www.w3.org/2000/svg" aria-label="Shopping List Icon Add" viewBox="0 0 32 32" role="presentation" aria-hidden="true" focusable="false" class="vector-icon-color--dark-grey"><title lang="en">Shopping List Icon Add</title><desc></desc><g fill="" stroke=""><path d="M21.94066,15.3368884 L21.94066,12.8931995 C21.94066,12.3409148 22.3883752,11.8931995 22.94066,11.8931995 C23.4929447,11.8931995 23.94066,12.3409148 23.94066,12.8931995 L23.94066,15.3368884 L26.2522624,15.3368884 C26.8045471,15.3368884 27.2522624,15.7846037 27.2522624,16.3368884 C27.2522624,16.8891732 26.8045471,17.3368884 26.2522624,17.3368884 L23.94066,17.3368884 L23.94066,19.8787952 C23.94066,20.43108 23.4929447,20.8787952 22.94066,20.8787952 C22.3883752,20.8787952 21.94066,20.43108 21.94066,19.8787952 L21.94066,17.3368884 L19.2666667,17.3368884 C18.7143819,17.3368884 18.2666667,16.8891732 18.2666667,16.3368884 C18.2666667,15.7846037 18.7143819,15.3368884 19.2666667,15.3368884 L21.94066,15.3368884 Z M8,12 C7.44771525,12 7,11.5522847 7,11 C7,10.4477153 7.44771525,10 8,10 L19.1153581,10 C19.6676429,10 20.1153581,10.4477153 20.1153581,11 C20.1153581,11.5522847 19.6676429,12 19.1153581,12 L8,12 Z M8,17.3368884 C7.44771525,17.3368884 7,16.8891732 7,16.3368884 C7,15.7846037 7.44771525,15.3368884 8,15.3368884 L14.7200696,15.3368884 C15.2723543,15.3368884 15.7200696,15.7846037 15.7200696,16.3368884 C15.7200696,16.8891732 15.2723543,17.3368884 14.7200696,17.3368884 L8,17.3368884 Z M8,23 C7.44771525,23 7,22.5522847 7,22 C7,21.4477153 7.44771525,21 8,21 L19.1153581,21 C19.6676429,21 20.1153581,21.4477153 20.1153581,22 C20.1153581,22.5522847 19.6676429,23 19.1153581,23 L8,23 Z" fill="#000000" fill-rule="nonzero"></path></g></svg></div><div class="pdl-product-detail_list-tooltip"><p>Add item to shopping list</p><i></i></div></button><!----></div></div></div><!----></li><!----><!----><!----><li id="product-8" tabindex="-1" data-product-id="222545" aria-label="Giant White Eggs Grade A Extra Large Cage Free" class="tile product-cell product-grid-cell"><!----><!----><!----><div class="product-tile_content"><div><!----><div class="flag_outer-container"><!----><!----><!----></div></div><!----><div><img src="./Search Results _ Giant_files/FDVYR.jpg" alt="Giant White Eggs Grade A Extra Large Cage Free" class="product-grid-image product-grid-cell_main-image"></div><div class="product-grid-cell_price-tag product-grid-cell_price-tag--full-tile"><div class="product-tile_detail"><div class="product-grid-cell_price-container"><span role="link" class="product-grid-cell_main-price"> $2.39 </span><!----></div></div><div class="product-tile_detail-title"><div data-v-7b5b6b2c="" role="link" tabindex="0" class="product-grid-cell_name"><h3 data-v-7b5b6b2c="" aria-label="Giant White Eggs Grade A Extra Large Cage Free" class="product-grid-cell_name-text product-grid-cell_name-text--small"><span data-v-7b5b6b2c="" class="vector-icon_inline-text--left"><div data-v-7b5b6b2c="" class="vector-icon-size--xsmall"><svg xmlns="http://www.w3.org/2000/svg" aria-label="Ahold Icon" viewBox="0 0 1024 945" role="presentation" aria-hidden="true" focusable="false" class=""><title lang="en">Ahold Icon</title><desc></desc><g fill="" stroke=""><g data-v-7b5b6b2c=""><path data-v-7b5b6b2c="" d="M1.893 730.617c-1.289-2.094-2.052-4.631-2.052-7.346 0-0.747 0.058-1.481 0.169-2.197 0.158-12.396 10.227-22.466 22.687-22.634l895.306-0c12.476 0.168 22.545 10.237 22.713 22.698-0.521 3.721-1.182 6.924-2.024 10.053l0.131-0.574c-86.363 175.072-263.598 293.385-468.466 293.385s-382.103-118.313-467.105-290.339l-1.361-3.046z" fill="rgb(247, 168, 0)" class="path1"></path><path data-v-7b5b6b2c="" d="M107.889 132.495c1.893-1.893 1.893-3.786 3.786-5.678 2.98-3.491 7.385-5.69 12.303-5.69s9.323 2.199 12.284 5.668l0.019 0.022 476.983 476.983c3.491 2.98 5.69 7.385 5.69 12.303s-2.199 9.323-5.668 12.284c-1.399 1.869-3.361 3.216-5.631 3.789l-0.069 0.015c-38.446 13.732-82.796 21.669-129.001 21.669-108.416 0-206.626-43.699-277.977-114.443-70.367-71.826-113.809-170.317-113.809-278.955 0-45.803 7.722-89.803 21.936-130.767l-0.845 2.8z" fill="rgb(226, 35, 26)" class="path2"></path><path data-v-7b5b6b2c="" d="M600.015 1.893c1.247-1.204 2.948-1.946 4.822-1.946 0.302 0 0.6 0.019 0.891 0.057 0.057-0.006 0.164-0.007 0.272-0.007 7.15 0 12.947 5.796 12.947 12.947 0 0.108-0.001 0.215-0.004 0.322l0-0.016v503.482c0.002 0.091 0.004 0.199 0.004 0.306 0 7.15-5.796 12.947-12.947 12.947-0.108 0-0.215-0.001-0.322-0.004-0.241 0.034-0.539 0.053-0.841 0.053-1.874 0-3.574-0.742-4.824-1.948l0.002 0.002c-98.273-48.542-164.673-148.065-164.673-263.098s66.401-214.556 162.964-262.333l1.709-0.765z" fill="rgb(113, 33, 119)" class="path3"></path><path data-v-7b5b6b2c="" d="M938.824 283.919c1.893 0 1.893 1.893 3.786 1.893 1.765 2.012 2.841 4.666 2.841 7.571s-1.077 5.559-2.853 7.584l0.011-0.013-268.776 266.884c-2.012 1.765-4.666 2.841-7.571 2.841s-5.559-1.077-7.584-2.853c-1.144-0.651-1.911-1.879-1.911-3.285 0-0.172 0.012-0.342 0.034-0.508l-0.002 0.019c-7.681-21.529-12.12-46.363-12.12-72.235 0-61.263 24.891-116.712 65.111-156.786 39.326-39.792 93.895-64.431 154.219-64.431 26.857 0 52.573 4.884 76.309 13.812l-1.494-0.493z" fill="rgb(130, 188, 0)" class="path4"></path></g></g></svg></div></span> Giant White Eggs Grade A Extra Large Cage Free </h3></div><div role="link" class="product-grid-cell_sizes"><span class="product-grid-cell_size"> 1 DOZ </span><span aria-hidden="true"> | </span><!----><span class="product-grid-cell_unit"> $2.39 / DOZ </span></div><!----></div><div class="product-grid-cell_promo-name"><!----><!----><!----><!----><!----></div><!----><div class="margin-top--one"><!----><div data-v-4e03913c="" class="pdl-add-to-cart"><div data-v-4e03913c="" class="pdl-add-to-cart_button"><button data-v-4e03913c="" aria-label="Add to Cart" data-product-id="222545" data-price="2.39" class="button button--add-to-cart"> Add to Cart <!----></button><!----></div><!----></div></div><!----></div></div><!----><!----><div class="product-tile_action-items"><!----><!----><div class="shopping-list-menu_container"><div><button aria-label="add to shopping list" class="button pdl-product-detail_top-icon button--fourth pdl-product-detail_top-icon--borderless"><!----><div class="vector-icon-size--large"><svg xmlns="http://www.w3.org/2000/svg" aria-label="Shopping List Icon Add" viewBox="0 0 32 32" role="presentation" aria-hidden="true" focusable="false" class="vector-icon-color--dark-grey"><title lang="en">Shopping List Icon Add</title><desc></desc><g fill="" stroke=""><path d="M21.94066,15.3368884 L21.94066,12.8931995 C21.94066,12.3409148 22.3883752,11.8931995 22.94066,11.8931995 C23.4929447,11.8931995 23.94066,12.3409148 23.94066,12.8931995 L23.94066,15.3368884 L26.2522624,15.3368884 C26.8045471,15.3368884 27.2522624,15.7846037 27.2522624,16.3368884 C27.2522624,16.8891732 26.8045471,17.3368884 26.2522624,17.3368884 L23.94066,17.3368884 L23.94066,19.8787952 C23.94066,20.43108 23.4929447,20.8787952 22.94066,20.8787952 C22.3883752,20.8787952 21.94066,20.43108 21.94066,19.8787952 L21.94066,17.3368884 L19.2666667,17.3368884 C18.7143819,17.3368884 18.2666667,16.8891732 18.2666667,16.3368884 C18.2666667,15.7846037 18.7143819,15.3368884 19.2666667,15.3368884 L21.94066,15.3368884 Z M8,12 C7.44771525,12 7,11.5522847 7,11 C7,10.4477153 7.44771525,10 8,10 L19.1153581,10 C19.6676429,10 20.1153581,10.4477153 20.1153581,11 C20.1153581,11.5522847 19.6676429,12 19.1153581,12 L8,12 Z M8,17.3368884 C7.44771525,17.3368884 7,16.8891732 7,16.3368884 C7,15.7846037 7.44771525,15.3368884 8,15.3368884 L14.7200696,15.3368884 C15.2723543,15.3368884 15.7200696,15.7846037 15.7200696,16.3368884 C15.7200696,16.8891732 15.2723543,17.3368884 14.7200696,17.3368884 L8,17.3368884 Z M8,23 C7.44771525,23 7,22.5522847 7,22 C7,21.4477153 7.44771525,21 8,21 L19.1153581,21 C19.6676429,21 20.1153581,21.4477153 20.1153581,22 C20.1153581,22.5522847 19.6676429,23 19.1153581,23 L8,23 Z" fill="#000000" fill-rule="nonzero"></path></g></svg></div><div class="pdl-product-detail_list-tooltip"><p>Add item to shopping list</p><i></i></div></button><!----></div></div></div><!----></li><!----><!----><!----><li id="product-9" tabindex="-1" data-product-id="117109" aria-label="Eggland&#39;s Best White Eggs Grade A Extra Large Vegetarian Fed Hens" class="tile product-cell product-grid-cell"><!----><!----><!----><div class="product-tile_content"><div><!----><div class="flag_outer-container"><!----><!----><!----></div></div><!----><div><img src="./Search Results _ Giant_files/5G73E.jpg" alt="Eggland&#39;s Best White Eggs Grade A Extra Large Vegetarian Fed Hens" class="product-grid-image product-grid-cell_main-image"></div><div class="product-grid-cell_price-tag product-grid-cell_price-tag--full-tile"><div class="product-tile_detail"><div class="product-grid-cell_price-container"><span role="link" class="product-grid-cell_main-price"> $3.29 </span><!----></div></div><div class="product-tile_detail-title"><div data-v-7b5b6b2c="" role="link" tabindex="0" class="product-grid-cell_name"><h3 data-v-7b5b6b2c="" aria-label="Eggland&#39;s Best White Eggs Grade A Extra Large Vegetarian Fed Hens" class="product-grid-cell_name-text product-grid-cell_name-text--small"><!----> Eggland's Best White Eggs Grade A Extra Large Vegetarian Fed Hens </h3></div><div role="link" class="product-grid-cell_sizes"><span class="product-grid-cell_size"> 1 DOZ </span><span aria-hidden="true"> | </span><!----><span class="product-grid-cell_unit"> $3.29 / DOZ </span></div><!----></div><div class="product-grid-cell_promo-name"><!----><!----><!----><!----><!----></div><!----><div class="margin-top--one"><!----><div data-v-4e03913c="" class="pdl-add-to-cart"><div data-v-4e03913c="" class="pdl-add-to-cart_button"><button data-v-4e03913c="" aria-label="Add to Cart" data-product-id="117109" data-price="3.29" class="button button--add-to-cart"> Add to Cart <!----></button><!----></div><!----></div></div><!----></div></div><!----><!----><div class="product-tile_action-items"><!----><!----><div class="shopping-list-menu_container"><div><button aria-label="add to shopping list" class="button pdl-product-detail_top-icon button--fourth pdl-product-detail_top-icon--borderless"><!----><div class="vector-icon-size--large"><svg xmlns="http://www.w3.org/2000/svg" aria-label="Shopping List Icon Add" viewBox="0 0 32 32" role="presentation" aria-hidden="true" focusable="false" class="vector-icon-color--dark-grey"><title lang="en">Shopping List Icon Add</title><desc></desc><g fill="" stroke=""><path d="M21.94066,15.3368884 L21.94066,12.8931995 C21.94066,12.3409148 22.3883752,11.8931995 22.94066,11.8931995 C23.4929447,11.8931995 23.94066,12.3409148 23.94066,12.8931995 L23.94066,15.3368884 L26.2522624,15.3368884 C26.8045471,15.3368884 27.2522624,15.7846037 27.2522624,16.3368884 C27.2522624,16.8891732 26.8045471,17.3368884 26.2522624,17.3368884 L23.94066,17.3368884 L23.94066,19.8787952 C23.94066,20.43108 23.4929447,20.8787952 22.94066,20.8787952 C22.3883752,20.8787952 21.94066,20.43108 21.94066,19.8787952 L21.94066,17.3368884 L19.2666667,17.3368884 C18.7143819,17.3368884 18.2666667,16.8891732 18.2666667,16.3368884 C18.2666667,15.7846037 18.7143819,15.3368884 19.2666667,15.3368884 L21.94066,15.3368884 Z M8,12 C7.44771525,12 7,11.5522847 7,11 C7,10.4477153 7.44771525,10 8,10 L19.1153581,10 C19.6676429,10 20.1153581,10.4477153 20.1153581,11 C20.1153581,11.5522847 19.6676429,12 19.1153581,12 L8,12 Z M8,17.3368884 C7.44771525,17.3368884 7,16.8891732 7,16.3368884 C7,15.7846037 7.44771525,15.3368884 8,15.3368884 L14.7200696,15.3368884 C15.2723543,15.3368884 15.7200696,15.7846037 15.7200696,16.3368884 C15.7200696,16.8891732 15.2723543,17.3368884 14.7200696,17.3368884 L8,17.3368884 Z M8,23 C7.44771525,23 7,22.5522847 7,22 C7,21.4477153 7.44771525,21 8,21 L19.1153581,21 C19.6676429,21 20.1153581,21.4477153 20.1153581,22 C20.1153581,22.5522847 19.6676429,23 19.1153581,23 L8,23 Z" fill="#000000" fill-rule="nonzero"></path></g></svg></div><div class="pdl-product-detail_list-tooltip"><p>Add item to shopping list</p><i></i></div></button><!----></div></div></div><!----></li><!----><!----><!----><li id="product-10" tabindex="-1" data-product-id="126135" aria-label="Land O Lakes Brown Eggs Grade A Large All Natural" class="tile product-cell product-grid-cell"><!----><!----><!----><div class="product-tile_content"><div><!----><div class="flag_outer-container"><!----><!----><!----></div></div><!----><div><img src="./Search Results _ Giant_files/KRPXV.jpg" alt="Land O Lakes Brown Eggs Grade A Large All Natural" class="product-grid-image product-grid-cell_main-image"></div><div class="product-grid-cell_price-tag product-grid-cell_price-tag--full-tile"><div class="product-tile_detail"><div class="product-grid-cell_price-container"><span role="link" class="product-grid-cell_main-price"> $3.49 </span><!----></div></div><div class="product-tile_detail-title"><div data-v-7b5b6b2c="" role="link" tabindex="0" class="product-grid-cell_name"><h3 data-v-7b5b6b2c="" aria-label="Land O Lakes Brown Eggs Grade A Large All Natural" class="product-grid-cell_name-text product-grid-cell_name-text--small"><!----> Land O Lakes Brown Eggs Grade A Large All Natural </h3></div><div role="link" class="product-grid-cell_sizes"><span class="product-grid-cell_size"> 1 DOZ </span><span aria-hidden="true"> | </span><!----><span class="product-grid-cell_unit"> $3.49 / DOZ </span></div><!----></div><div class="product-grid-cell_promo-name"><!----><!----><!----><!----><!----></div><!----><div class="margin-top--one"><!----><div data-v-4e03913c="" class="pdl-add-to-cart"><div data-v-4e03913c="" class="pdl-add-to-cart_button"><button data-v-4e03913c="" aria-label="Add to Cart" data-product-id="126135" data-price="3.49" class="button button--add-to-cart"> Add to Cart <!----></button><!----></div><!----></div></div><!----></div></div><!----><!----><div class="product-tile_action-items"><!----><!----><div class="shopping-list-menu_container"><div><button aria-label="add to shopping list" class="button pdl-product-detail_top-icon button--fourth pdl-product-detail_top-icon--borderless"><!----><div class="vector-icon-size--large"><svg xmlns="http://www.w3.org/2000/svg" aria-label="Shopping List Icon Add" viewBox="0 0 32 32" role="presentation" aria-hidden="true" focusable="false" class="vector-icon-color--dark-grey"><title lang="en">Shopping List Icon Add</title><desc></desc><g fill="" stroke=""><path d="M21.94066,15.3368884 L21.94066,12.8931995 C21.94066,12.3409148 22.3883752,11.8931995 22.94066,11.8931995 C23.4929447,11.8931995 23.94066,12.3409148 23.94066,12.8931995 L23.94066,15.3368884 L26.2522624,15.3368884 C26.8045471,15.3368884 27.2522624,15.7846037 27.2522624,16.3368884 C27.2522624,16.8891732 26.8045471,17.3368884 26.2522624,17.3368884 L23.94066,17.3368884 L23.94066,19.8787952 C23.94066,20.43108 23.4929447,20.8787952 22.94066,20.8787952 C22.3883752,20.8787952 21.94066,20.43108 21.94066,19.8787952 L21.94066,17.3368884 L19.2666667,17.3368884 C18.7143819,17.3368884 18.2666667,16.8891732 18.2666667,16.3368884 C18.2666667,15.7846037 18.7143819,15.3368884 19.2666667,15.3368884 L21.94066,15.3368884 Z M8,12 C7.44771525,12 7,11.5522847 7,11 C7,10.4477153 7.44771525,10 8,10 L19.1153581,10 C19.6676429,10 20.1153581,10.4477153 20.1153581,11 C20.1153581,11.5522847 19.6676429,12 19.1153581,12 L8,12 Z M8,17.3368884 C7.44771525,17.3368884 7,16.8891732 7,16.3368884 C7,15.7846037 7.44771525,15.3368884 8,15.3368884 L14.7200696,15.3368884 C15.2723543,15.3368884 15.7200696,15.7846037 15.7200696,16.3368884 C15.7200696,16.8891732 15.2723543,17.3368884 14.7200696,17.3368884 L8,17.3368884 Z M8,23 C7.44771525,23 7,22.5522847 7,22 C7,21.4477153 7.44771525,21 8,21 L19.1153581,21 C19.6676429,21 20.1153581,21.4477153 20.1153581,22 C20.1153581,22.5522847 19.6676429,23 19.1153581,23 L8,23 Z" fill="#000000" fill-rule="nonzero"></path></g></svg></div><div class="pdl-product-detail_list-tooltip"><p>Add item to shopping list</p><i></i></div></button><!----></div></div></div><!----></li><!----><!----><!----><li id="product-11" tabindex="-1" data-product-id="196027" aria-label="Nellie&#39;s Grade A Brown Eggs Large Free Range All Natural" class="tile product-cell product-grid-cell"><!----><!----><!----><div class="product-tile_content"><div><!----><div class="flag_outer-container"><!----><!----><!----></div></div><!----><div><img src="./Search Results _ Giant_files/P4IWM.png" alt="Nellie&#39;s Grade A Brown Eggs Large Free Range All Natural" class="product-grid-image product-grid-cell_main-image"></div><div class="product-grid-cell_price-tag product-grid-cell_price-tag--full-tile"><div class="product-tile_detail"><div class="product-grid-cell_price-container"><span role="link" class="product-grid-cell_main-price"> $4.99 </span><!----></div></div><div class="product-tile_detail-title"><div data-v-7b5b6b2c="" role="link" tabindex="0" class="product-grid-cell_name"><h3 data-v-7b5b6b2c="" aria-label="Nellie&#39;s Grade A Brown Eggs Large Free Range All Natural" class="product-grid-cell_name-text product-grid-cell_name-text--small"><!----> Nellie's Grade A Brown Eggs Large Free Range All Natural </h3></div><div role="link" class="product-grid-cell_sizes"><span class="product-grid-cell_size"> 1 DOZ </span><span aria-hidden="true"> | </span><!----><span class="product-grid-cell_unit"> $4.99 / DOZ </span></div><!----></div><div class="product-grid-cell_promo-name"><!----><!----><!----><!----><!----></div><!----><div class="margin-top--one"><div class="pdl-add-to-cart"><button class="button button--disabled out-of-stock_text"> Out of Stock </button><!----></div><!----></div><!----></div></div><!----><!----><div class="product-tile_action-items"><!----><!----><div class="shopping-list-menu_container"><div><button aria-label="add to shopping list" class="button pdl-product-detail_top-icon button--fourth pdl-product-detail_top-icon--borderless"><!----><div class="vector-icon-size--large"><svg xmlns="http://www.w3.org/2000/svg" aria-label="Shopping List Icon Add" viewBox="0 0 32 32" role="presentation" aria-hidden="true" focusable="false" class="vector-icon-color--dark-grey"><title lang="en">Shopping List Icon Add</title><desc></desc><g fill="" stroke=""><path d="M21.94066,15.3368884 L21.94066,12.8931995 C21.94066,12.3409148 22.3883752,11.8931995 22.94066,11.8931995 C23.4929447,11.8931995 23.94066,12.3409148 23.94066,12.8931995 L23.94066,15.3368884 L26.2522624,15.3368884 C26.8045471,15.3368884 27.2522624,15.7846037 27.2522624,16.3368884 C27.2522624,16.8891732 26.8045471,17.3368884 26.2522624,17.3368884 L23.94066,17.3368884 L23.94066,19.8787952 C23.94066,20.43108 23.4929447,20.8787952 22.94066,20.8787952 C22.3883752,20.8787952 21.94066,20.43108 21.94066,19.8787952 L21.94066,17.3368884 L19.2666667,17.3368884 C18.7143819,17.3368884 18.2666667,16.8891732 18.2666667,16.3368884 C18.2666667,15.7846037 18.7143819,15.3368884 19.2666667,15.3368884 L21.94066,15.3368884 Z M8,12 C7.44771525,12 7,11.5522847 7,11 C7,10.4477153 7.44771525,10 8,10 L19.1153581,10 C19.6676429,10 20.1153581,10.4477153 20.1153581,11 C20.1153581,11.5522847 19.6676429,12 19.1153581,12 L8,12 Z M8,17.3368884 C7.44771525,17.3368884 7,16.8891732 7,16.3368884 C7,15.7846037 7.44771525,15.3368884 8,15.3368884 L14.7200696,15.3368884 C15.2723543,15.3368884 15.7200696,15.7846037 15.7200696,16.3368884 C15.7200696,16.8891732 15.2723543,17.3368884 14.7200696,17.3368884 L8,17.3368884 Z M8,23 C7.44771525,23 7,22.5522847 7,22 C7,21.4477153 7.44771525,21 8,21 L19.1153581,21 C19.6676429,21 20.1153581,21.4477153 20.1153581,22 C20.1153581,22.5522847 19.6676429,23 19.1153581,23 L8,23 Z" fill="#000000" fill-rule="nonzero"></path></g></svg></div><div class="pdl-product-detail_list-tooltip"><p>Add item to shopping list</p><i></i></div></button><!----></div></div></div><!----></li><!----><!----><!----><li id="product-12" tabindex="-1" data-product-id="202932" aria-label="Pete and Gerry&#39;s Brown Eggs Grade A Large Free Range Organic" class="tile product-cell product-grid-cell"><!----><!----><!----><div class="product-tile_content"><div><!----><div class="flag_outer-container"><!----><!----><!----></div></div><!----><div><img src="./Search Results _ Giant_files/92J9K.png" alt="Pete and Gerry&#39;s Brown Eggs Grade A Large Free Range Organic" class="product-grid-image product-grid-cell_main-image"></div><div class="product-grid-cell_price-tag product-grid-cell_price-tag--full-tile"><div class="product-tile_detail"><div class="product-grid-cell_price-container"><span role="link" class="product-grid-cell_main-price"> $5.59 </span><!----></div></div><div class="product-tile_detail-title"><div data-v-7b5b6b2c="" role="link" tabindex="0" class="product-grid-cell_name"><h3 data-v-7b5b6b2c="" aria-label="Pete and Gerry&#39;s Brown Eggs Grade A Large Free Range Organic" class="product-grid-cell_name-text product-grid-cell_name-text--small"><!----> Pete and Gerry's Brown Eggs Grade A Large Free Range Organic </h3></div><div role="link" class="product-grid-cell_sizes"><span class="product-grid-cell_size"> 1 DOZ </span><span aria-hidden="true"> | </span><!----><span class="product-grid-cell_unit"> $5.59 / DOZ </span></div><!----></div><div class="product-grid-cell_promo-name"><!----><!----><!----><!----><!----></div><!----><div class="margin-top--one"><!----><div data-v-4e03913c="" class="pdl-add-to-cart"><div data-v-4e03913c="" class="pdl-add-to-cart_button"><button data-v-4e03913c="" aria-label="Add to Cart" data-product-id="202932" data-price="5.59" class="button button--add-to-cart"> Add to Cart <!----></button><!----></div><!----></div></div><!----></div></div><!----><!----><div class="product-tile_action-items"><!----><!----><div class="shopping-list-menu_container"><div><button aria-label="add to shopping list" class="button pdl-product-detail_top-icon button--fourth pdl-product-detail_top-icon--borderless"><!----><div class="vector-icon-size--large"><svg xmlns="http://www.w3.org/2000/svg" aria-label="Shopping List Icon Add" viewBox="0 0 32 32" role="presentation" aria-hidden="true" focusable="false" class="vector-icon-color--dark-grey"><title lang="en">Shopping List Icon Add</title><desc></desc><g fill="" stroke=""><path d="M21.94066,15.3368884 L21.94066,12.8931995 C21.94066,12.3409148 22.3883752,11.8931995 22.94066,11.8931995 C23.4929447,11.8931995 23.94066,12.3409148 23.94066,12.8931995 L23.94066,15.3368884 L26.2522624,15.3368884 C26.8045471,15.3368884 27.2522624,15.7846037 27.2522624,16.3368884 C27.2522624,16.8891732 26.8045471,17.3368884 26.2522624,17.3368884 L23.94066,17.3368884 L23.94066,19.8787952 C23.94066,20.43108 23.4929447,20.8787952 22.94066,20.8787952 C22.3883752,20.8787952 21.94066,20.43108 21.94066,19.8787952 L21.94066,17.3368884 L19.2666667,17.3368884 C18.7143819,17.3368884 18.2666667,16.8891732 18.2666667,16.3368884 C18.2666667,15.7846037 18.7143819,15.3368884 19.2666667,15.3368884 L21.94066,15.3368884 Z M8,12 C7.44771525,12 7,11.5522847 7,11 C7,10.4477153 7.44771525,10 8,10 L19.1153581,10 C19.6676429,10 20.1153581,10.4477153 20.1153581,11 C20.1153581,11.5522847 19.6676429,12 19.1153581,12 L8,12 Z M8,17.3368884 C7.44771525,17.3368884 7,16.8891732 7,16.3368884 C7,15.7846037 7.44771525,15.3368884 8,15.3368884 L14.7200696,15.3368884 C15.2723543,15.3368884 15.7200696,15.7846037 15.7200696,16.3368884 C15.7200696,16.8891732 15.2723543,17.3368884 14.7200696,17.3368884 L8,17.3368884 Z M8,23 C7.44771525,23 7,22.5522847 7,22 C7,21.4477153 7.44771525,21 8,21 L19.1153581,21 C19.6676429,21 20.1153581,21.4477153 20.1153581,22 C20.1153581,22.5522847 19.6676429,23 19.1153581,23 L8,23 Z" fill="#000000" fill-rule="nonzero"></path></g></svg></div><div class="pdl-product-detail_list-tooltip"><p>Add item to shopping list</p><i></i></div></button><!----></div></div></div><!----></li><!----><!----><!----><li id="product-13" tabindex="-1" data-product-id="209049" aria-label="Giant White Eggs Grade A Large" class="tile product-cell product-grid-cell"><!----><!----><!----><div class="product-tile_content"><div><!----><div class="flag_outer-container"><!----><!----><!----></div></div><!----><div><img src="./Search Results _ Giant_files/AKT28.jpg" alt="Giant White Eggs Grade A Large" class="product-grid-image product-grid-cell_main-image"></div><div class="product-grid-cell_price-tag product-grid-cell_price-tag--full-tile"><div class="product-tile_detail"><div class="product-grid-cell_price-container"><span role="link" class="product-grid-cell_main-price"> $4.09 </span><!----></div></div><div class="product-tile_detail-title"><div data-v-7b5b6b2c="" role="link" tabindex="0" class="product-grid-cell_name"><h3 data-v-7b5b6b2c="" aria-label="Giant White Eggs Grade A Large" class="product-grid-cell_name-text product-grid-cell_name-text--small"><span data-v-7b5b6b2c="" class="vector-icon_inline-text--left"><div data-v-7b5b6b2c="" class="vector-icon-size--xsmall"><svg xmlns="http://www.w3.org/2000/svg" aria-label="Ahold Icon" viewBox="0 0 1024 945" role="presentation" aria-hidden="true" focusable="false" class=""><title lang="en">Ahold Icon</title><desc></desc><g fill="" stroke=""><g data-v-7b5b6b2c=""><path data-v-7b5b6b2c="" d="M1.893 730.617c-1.289-2.094-2.052-4.631-2.052-7.346 0-0.747 0.058-1.481 0.169-2.197 0.158-12.396 10.227-22.466 22.687-22.634l895.306-0c12.476 0.168 22.545 10.237 22.713 22.698-0.521 3.721-1.182 6.924-2.024 10.053l0.131-0.574c-86.363 175.072-263.598 293.385-468.466 293.385s-382.103-118.313-467.105-290.339l-1.361-3.046z" fill="rgb(247, 168, 0)" class="path1"></path><path data-v-7b5b6b2c="" d="M107.889 132.495c1.893-1.893 1.893-3.786 3.786-5.678 2.98-3.491 7.385-5.69 12.303-5.69s9.323 2.199 12.284 5.668l0.019 0.022 476.983 476.983c3.491 2.98 5.69 7.385 5.69 12.303s-2.199 9.323-5.668 12.284c-1.399 1.869-3.361 3.216-5.631 3.789l-0.069 0.015c-38.446 13.732-82.796 21.669-129.001 21.669-108.416 0-206.626-43.699-277.977-114.443-70.367-71.826-113.809-170.317-113.809-278.955 0-45.803 7.722-89.803 21.936-130.767l-0.845 2.8z" fill="rgb(226, 35, 26)" class="path2"></path><path data-v-7b5b6b2c="" d="M600.015 1.893c1.247-1.204 2.948-1.946 4.822-1.946 0.302 0 0.6 0.019 0.891 0.057 0.057-0.006 0.164-0.007 0.272-0.007 7.15 0 12.947 5.796 12.947 12.947 0 0.108-0.001 0.215-0.004 0.322l0-0.016v503.482c0.002 0.091 0.004 0.199 0.004 0.306 0 7.15-5.796 12.947-12.947 12.947-0.108 0-0.215-0.001-0.322-0.004-0.241 0.034-0.539 0.053-0.841 0.053-1.874 0-3.574-0.742-4.824-1.948l0.002 0.002c-98.273-48.542-164.673-148.065-164.673-263.098s66.401-214.556 162.964-262.333l1.709-0.765z" fill="rgb(113, 33, 119)" class="path3"></path><path data-v-7b5b6b2c="" d="M938.824 283.919c1.893 0 1.893 1.893 3.786 1.893 1.765 2.012 2.841 4.666 2.841 7.571s-1.077 5.559-2.853 7.584l0.011-0.013-268.776 266.884c-2.012 1.765-4.666 2.841-7.571 2.841s-5.559-1.077-7.584-2.853c-1.144-0.651-1.911-1.879-1.911-3.285 0-0.172 0.012-0.342 0.034-0.508l-0.002 0.019c-7.681-21.529-12.12-46.363-12.12-72.235 0-61.263 24.891-116.712 65.111-156.786 39.326-39.792 93.895-64.431 154.219-64.431 26.857 0 52.573 4.884 76.309 13.812l-1.494-0.493z" fill="rgb(130, 188, 0)" class="path4"></path></g></g></svg></div></span> Giant White Eggs Grade A Large </h3></div><div role="link" class="product-grid-cell_sizes"><span class="product-grid-cell_size"> 2.5 DOZ </span><span aria-hidden="true"> | </span><!----><span class="product-grid-cell_unit"> $1.64 / DOZ </span></div><!----></div><div class="product-grid-cell_promo-name"><!----><!----><!----><!----><!----></div><!----><div class="margin-top--one"><!----><div data-v-4e03913c="" class="pdl-add-to-cart"><div data-v-4e03913c="" class="pdl-add-to-cart_button"><button data-v-4e03913c="" aria-label="Add to Cart" data-product-id="209049" data-price="4.09" class="button button--add-to-cart"> Add to Cart <!----></button><!----></div><!----></div></div><!----></div></div><!----><!----><div class="product-tile_action-items"><!----><!----><div class="shopping-list-menu_container"><div><button aria-label="add to shopping list" class="button pdl-product-detail_top-icon button--fourth pdl-product-detail_top-icon--borderless"><!----><div class="vector-icon-size--large"><svg xmlns="http://www.w3.org/2000/svg" aria-label="Shopping List Icon Add" viewBox="0 0 32 32" role="presentation" aria-hidden="true" focusable="false" class="vector-icon-color--dark-grey"><title lang="en">Shopping List Icon Add</title><desc></desc><g fill="" stroke=""><path d="M21.94066,15.3368884 L21.94066,12.8931995 C21.94066,12.3409148 22.3883752,11.8931995 22.94066,11.8931995 C23.4929447,11.8931995 23.94066,12.3409148 23.94066,12.8931995 L23.94066,15.3368884 L26.2522624,15.3368884 C26.8045471,15.3368884 27.2522624,15.7846037 27.2522624,16.3368884 C27.2522624,16.8891732 26.8045471,17.3368884 26.2522624,17.3368884 L23.94066,17.3368884 L23.94066,19.8787952 C23.94066,20.43108 23.4929447,20.8787952 22.94066,20.8787952 C22.3883752,20.8787952 21.94066,20.43108 21.94066,19.8787952 L21.94066,17.3368884 L19.2666667,17.3368884 C18.7143819,17.3368884 18.2666667,16.8891732 18.2666667,16.3368884 C18.2666667,15.7846037 18.7143819,15.3368884 19.2666667,15.3368884 L21.94066,15.3368884 Z M8,12 C7.44771525,12 7,11.5522847 7,11 C7,10.4477153 7.44771525,10 8,10 L19.1153581,10 C19.6676429,10 20.1153581,10.4477153 20.1153581,11 C20.1153581,11.5522847 19.6676429,12 19.1153581,12 L8,12 Z M8,17.3368884 C7.44771525,17.3368884 7,16.8891732 7,16.3368884 C7,15.7846037 7.44771525,15.3368884 8,15.3368884 L14.7200696,15.3368884 C15.2723543,15.3368884 15.7200696,15.7846037 15.7200696,16.3368884 C15.7200696,16.8891732 15.2723543,17.3368884 14.7200696,17.3368884 L8,17.3368884 Z M8,23 C7.44771525,23 7,22.5522847 7,22 C7,21.4477153 7.44771525,21 8,21 L19.1153581,21 C19.6676429,21 20.1153581,21.4477153 20.1153581,22 C20.1153581,22.5522847 19.6676429,23 19.1153581,23 L8,23 Z" fill="#000000" fill-rule="nonzero"></path></g></svg></div><div class="pdl-product-detail_list-tooltip"><p>Add item to shopping list</p><i></i></div></button><!----></div></div></div><!----></li><!----><!----><!----><li id="product-14" tabindex="-1" data-product-id="222630" aria-label="Nellie&#39;s Grade A Brown Eggs Large Free Range All Natural" class="tile product-cell product-grid-cell"><!----><!----><!----><div class="product-tile_content"><div><!----><div class="flag_outer-container"><!----><!----><!----></div></div><!----><div><img src="./Search Results _ Giant_files/Y6KRG.jpg" alt="Nellie&#39;s Grade A Brown Eggs Large Free Range All Natural" class="product-grid-image product-grid-cell_main-image"></div><div class="product-grid-cell_price-tag product-grid-cell_price-tag--full-tile"><div class="product-tile_detail"><div class="product-grid-cell_price-container"><span role="link" class="product-grid-cell_main-price"> $6.49 </span><!----></div></div><div class="product-tile_detail-title"><div data-v-7b5b6b2c="" role="link" tabindex="0" class="product-grid-cell_name"><h3 data-v-7b5b6b2c="" aria-label="Nellie&#39;s Grade A Brown Eggs Large Free Range All Natural" class="product-grid-cell_name-text product-grid-cell_name-text--small"><!----> Nellie's Grade A Brown Eggs Large Free Range All Natural </h3></div><div role="link" class="product-grid-cell_sizes"><span class="product-grid-cell_size"> 1.5 DOZ </span><span aria-hidden="true"> | </span><!----><span class="product-grid-cell_unit"> $4.33 / DOZ </span></div><!----></div><div class="product-grid-cell_promo-name"><!----><!----><!----><!----><!----></div><!----><div class="margin-top--one"><!----><div data-v-4e03913c="" class="pdl-add-to-cart"><div data-v-4e03913c="" class="pdl-add-to-cart_button"><button data-v-4e03913c="" aria-label="Add to Cart" data-product-id="222630" data-price="6.49" class="button button--add-to-cart"> Add to Cart <!----></button><!----></div><!----></div></div><!----></div></div><!----><!----><div class="product-tile_action-items"><!----><!----><div class="shopping-list-menu_container"><div><button aria-label="add to shopping list" class="button pdl-product-detail_top-icon button--fourth pdl-product-detail_top-icon--borderless"><!----><div class="vector-icon-size--large"><svg xmlns="http://www.w3.org/2000/svg" aria-label="Shopping List Icon Add" viewBox="0 0 32 32" role="presentation" aria-hidden="true" focusable="false" class="vector-icon-color--dark-grey"><title lang="en">Shopping List Icon Add</title><desc></desc><g fill="" stroke=""><path d="M21.94066,15.3368884 L21.94066,12.8931995 C21.94066,12.3409148 22.3883752,11.8931995 22.94066,11.8931995 C23.4929447,11.8931995 23.94066,12.3409148 23.94066,12.8931995 L23.94066,15.3368884 L26.2522624,15.3368884 C26.8045471,15.3368884 27.2522624,15.7846037 27.2522624,16.3368884 C27.2522624,16.8891732 26.8045471,17.3368884 26.2522624,17.3368884 L23.94066,17.3368884 L23.94066,19.8787952 C23.94066,20.43108 23.4929447,20.8787952 22.94066,20.8787952 C22.3883752,20.8787952 21.94066,20.43108 21.94066,19.8787952 L21.94066,17.3368884 L19.2666667,17.3368884 C18.7143819,17.3368884 18.2666667,16.8891732 18.2666667,16.3368884 C18.2666667,15.7846037 18.7143819,15.3368884 19.2666667,15.3368884 L21.94066,15.3368884 Z M8,12 C7.44771525,12 7,11.5522847 7,11 C7,10.4477153 7.44771525,10 8,10 L19.1153581,10 C19.6676429,10 20.1153581,10.4477153 20.1153581,11 C20.1153581,11.5522847 19.6676429,12 19.1153581,12 L8,12 Z M8,17.3368884 C7.44771525,17.3368884 7,16.8891732 7,16.3368884 C7,15.7846037 7.44771525,15.3368884 8,15.3368884 L14.7200696,15.3368884 C15.2723543,15.3368884 15.7200696,15.7846037 15.7200696,16.3368884 C15.7200696,16.8891732 15.2723543,17.3368884 14.7200696,17.3368884 L8,17.3368884 Z M8,23 C7.44771525,23 7,22.5522847 7,22 C7,21.4477153 7.44771525,21 8,21 L19.1153581,21 C19.6676429,21 20.1153581,21.4477153 20.1153581,22 C20.1153581,22.5522847 19.6676429,23 19.1153581,23 L8,23 Z" fill="#000000" fill-rule="nonzero"></path></g></svg></div><div class="pdl-product-detail_list-tooltip"><p>Add item to shopping list</p><i></i></div></button><!----></div></div></div><!----></li><!----><!----><!----><li id="product-15" tabindex="-1" data-product-id="117801" aria-label="Giant White Eggs Grade A Large" class="tile product-cell product-grid-cell"><!----><!----><!----><div class="product-tile_content"><div><!----><div class="flag_outer-container"><!----><!----><!----></div></div><!----><div><img src="./Search Results _ Giant_files/9CFDN.jpg" alt="Giant White Eggs Grade A Large" class="product-grid-image product-grid-cell_main-image"></div><div class="product-grid-cell_price-tag product-grid-cell_price-tag--full-tile"><div class="product-tile_detail"><div class="product-grid-cell_price-container"><span role="link" class="product-grid-cell_main-price"> $2.49 </span><!----></div></div><div class="product-tile_detail-title"><div data-v-7b5b6b2c="" role="link" tabindex="0" class="product-grid-cell_name"><h3 data-v-7b5b6b2c="" aria-label="Giant White Eggs Grade A Large" class="product-grid-cell_name-text product-grid-cell_name-text--small"><span data-v-7b5b6b2c="" class="vector-icon_inline-text--left"><div data-v-7b5b6b2c="" class="vector-icon-size--xsmall"><svg xmlns="http://www.w3.org/2000/svg" aria-label="Ahold Icon" viewBox="0 0 1024 945" role="presentation" aria-hidden="true" focusable="false" class=""><title lang="en">Ahold Icon</title><desc></desc><g fill="" stroke=""><g data-v-7b5b6b2c=""><path data-v-7b5b6b2c="" d="M1.893 730.617c-1.289-2.094-2.052-4.631-2.052-7.346 0-0.747 0.058-1.481 0.169-2.197 0.158-12.396 10.227-22.466 22.687-22.634l895.306-0c12.476 0.168 22.545 10.237 22.713 22.698-0.521 3.721-1.182 6.924-2.024 10.053l0.131-0.574c-86.363 175.072-263.598 293.385-468.466 293.385s-382.103-118.313-467.105-290.339l-1.361-3.046z" fill="rgb(247, 168, 0)" class="path1"></path><path data-v-7b5b6b2c="" d="M107.889 132.495c1.893-1.893 1.893-3.786 3.786-5.678 2.98-3.491 7.385-5.69 12.303-5.69s9.323 2.199 12.284 5.668l0.019 0.022 476.983 476.983c3.491 2.98 5.69 7.385 5.69 12.303s-2.199 9.323-5.668 12.284c-1.399 1.869-3.361 3.216-5.631 3.789l-0.069 0.015c-38.446 13.732-82.796 21.669-129.001 21.669-108.416 0-206.626-43.699-277.977-114.443-70.367-71.826-113.809-170.317-113.809-278.955 0-45.803 7.722-89.803 21.936-130.767l-0.845 2.8z" fill="rgb(226, 35, 26)" class="path2"></path><path data-v-7b5b6b2c="" d="M600.015 1.893c1.247-1.204 2.948-1.946 4.822-1.946 0.302 0 0.6 0.019 0.891 0.057 0.057-0.006 0.164-0.007 0.272-0.007 7.15 0 12.947 5.796 12.947 12.947 0 0.108-0.001 0.215-0.004 0.322l0-0.016v503.482c0.002 0.091 0.004 0.199 0.004 0.306 0 7.15-5.796 12.947-12.947 12.947-0.108 0-0.215-0.001-0.322-0.004-0.241 0.034-0.539 0.053-0.841 0.053-1.874 0-3.574-0.742-4.824-1.948l0.002 0.002c-98.273-48.542-164.673-148.065-164.673-263.098s66.401-214.556 162.964-262.333l1.709-0.765z" fill="rgb(113, 33, 119)" class="path3"></path><path data-v-7b5b6b2c="" d="M938.824 283.919c1.893 0 1.893 1.893 3.786 1.893 1.765 2.012 2.841 4.666 2.841 7.571s-1.077 5.559-2.853 7.584l0.011-0.013-268.776 266.884c-2.012 1.765-4.666 2.841-7.571 2.841s-5.559-1.077-7.584-2.853c-1.144-0.651-1.911-1.879-1.911-3.285 0-0.172 0.012-0.342 0.034-0.508l-0.002 0.019c-7.681-21.529-12.12-46.363-12.12-72.235 0-61.263 24.891-116.712 65.111-156.786 39.326-39.792 93.895-64.431 154.219-64.431 26.857 0 52.573 4.884 76.309 13.812l-1.494-0.493z" fill="rgb(130, 188, 0)" class="path4"></path></g></g></svg></div></span> Giant White Eggs Grade A Large </h3></div><div role="link" class="product-grid-cell_sizes"><span class="product-grid-cell_size"> 1.5 DOZ </span><span aria-hidden="true"> | </span><!----><span class="product-grid-cell_unit"> $1.66 / DOZ </span></div><!----></div><div class="product-grid-cell_promo-name"><!----><!----><!----><!----><!----></div><!----><div class="margin-top--one"><!----><div data-v-4e03913c="" class="pdl-add-to-cart"><div data-v-4e03913c="" class="pdl-add-to-cart_button"><button data-v-4e03913c="" aria-label="Add to Cart" data-product-id="117801" data-price="2.49" class="button button--add-to-cart"> Add to Cart <!----></button><!----></div><!----></div></div><!----></div></div><!----><!----><div class="product-tile_action-items"><!----><!----><div class="shopping-list-menu_container"><div><button aria-label="add to shopping list" class="button pdl-product-detail_top-icon button--fourth pdl-product-detail_top-icon--borderless"><!----><div class="vector-icon-size--large"><svg xmlns="http://www.w3.org/2000/svg" aria-label="Shopping List Icon Add" viewBox="0 0 32 32" role="presentation" aria-hidden="true" focusable="false" class="vector-icon-color--dark-grey"><title lang="en">Shopping List Icon Add</title><desc></desc><g fill="" stroke=""><path d="M21.94066,15.3368884 L21.94066,12.8931995 C21.94066,12.3409148 22.3883752,11.8931995 22.94066,11.8931995 C23.4929447,11.8931995 23.94066,12.3409148 23.94066,12.8931995 L23.94066,15.3368884 L26.2522624,15.3368884 C26.8045471,15.3368884 27.2522624,15.7846037 27.2522624,16.3368884 C27.2522624,16.8891732 26.8045471,17.3368884 26.2522624,17.3368884 L23.94066,17.3368884 L23.94066,19.8787952 C23.94066,20.43108 23.4929447,20.8787952 22.94066,20.8787952 C22.3883752,20.8787952 21.94066,20.43108 21.94066,19.8787952 L21.94066,17.3368884 L19.2666667,17.3368884 C18.7143819,17.3368884 18.2666667,16.8891732 18.2666667,16.3368884 C18.2666667,15.7846037 18.7143819,15.3368884 19.2666667,15.3368884 L21.94066,15.3368884 Z M8,12 C7.44771525,12 7,11.5522847 7,11 C7,10.4477153 7.44771525,10 8,10 L19.1153581,10 C19.6676429,10 20.1153581,10.4477153 20.1153581,11 C20.1153581,11.5522847 19.6676429,12 19.1153581,12 L8,12 Z M8,17.3368884 C7.44771525,17.3368884 7,16.8891732 7,16.3368884 C7,15.7846037 7.44771525,15.3368884 8,15.3368884 L14.7200696,15.3368884 C15.2723543,15.3368884 15.7200696,15.7846037 15.7200696,16.3368884 C15.7200696,16.8891732 15.2723543,17.3368884 14.7200696,17.3368884 L8,17.3368884 Z M8,23 C7.44771525,23 7,22.5522847 7,22 C7,21.4477153 7.44771525,21 8,21 L19.1153581,21 C19.6676429,21 20.1153581,21.4477153 20.1153581,22 C20.1153581,22.5522847 19.6676429,23 19.1153581,23 L8,23 Z" fill="#000000" fill-rule="nonzero"></path></g></svg></div><div class="pdl-product-detail_list-tooltip"><p>Add item to shopping list</p><i></i></div></button><!----></div></div></div><!----></li><!----><!----><!----><li id="product-16" tabindex="-1" data-product-id="118868" aria-label="Giant White Eggs Grade A Jumbo" class="tile product-cell product-grid-cell"><!----><!----><!----><div class="product-tile_content"><div><!----><div class="flag_outer-container"><!----><!----><!----></div></div><!----><div><img src="./Search Results _ Giant_files/CYUYU.jpg" alt="Giant White Eggs Grade A Jumbo" class="product-grid-image product-grid-cell_main-image"></div><div class="product-grid-cell_price-tag product-grid-cell_price-tag--full-tile"><div class="product-tile_detail"><div class="product-grid-cell_price-container"><span role="link" class="product-grid-cell_main-price"> $1.99 </span><!----></div></div><div class="product-tile_detail-title"><div data-v-7b5b6b2c="" role="link" tabindex="0" class="product-grid-cell_name"><h3 data-v-7b5b6b2c="" aria-label="Giant White Eggs Grade A Jumbo" class="product-grid-cell_name-text product-grid-cell_name-text--small"><span data-v-7b5b6b2c="" class="vector-icon_inline-text--left"><div data-v-7b5b6b2c="" class="vector-icon-size--xsmall"><svg xmlns="http://www.w3.org/2000/svg" aria-label="Ahold Icon" viewBox="0 0 1024 945" role="presentation" aria-hidden="true" focusable="false" class=""><title lang="en">Ahold Icon</title><desc></desc><g fill="" stroke=""><g data-v-7b5b6b2c=""><path data-v-7b5b6b2c="" d="M1.893 730.617c-1.289-2.094-2.052-4.631-2.052-7.346 0-0.747 0.058-1.481 0.169-2.197 0.158-12.396 10.227-22.466 22.687-22.634l895.306-0c12.476 0.168 22.545 10.237 22.713 22.698-0.521 3.721-1.182 6.924-2.024 10.053l0.131-0.574c-86.363 175.072-263.598 293.385-468.466 293.385s-382.103-118.313-467.105-290.339l-1.361-3.046z" fill="rgb(247, 168, 0)" class="path1"></path><path data-v-7b5b6b2c="" d="M107.889 132.495c1.893-1.893 1.893-3.786 3.786-5.678 2.98-3.491 7.385-5.69 12.303-5.69s9.323 2.199 12.284 5.668l0.019 0.022 476.983 476.983c3.491 2.98 5.69 7.385 5.69 12.303s-2.199 9.323-5.668 12.284c-1.399 1.869-3.361 3.216-5.631 3.789l-0.069 0.015c-38.446 13.732-82.796 21.669-129.001 21.669-108.416 0-206.626-43.699-277.977-114.443-70.367-71.826-113.809-170.317-113.809-278.955 0-45.803 7.722-89.803 21.936-130.767l-0.845 2.8z" fill="rgb(226, 35, 26)" class="path2"></path><path data-v-7b5b6b2c="" d="M600.015 1.893c1.247-1.204 2.948-1.946 4.822-1.946 0.302 0 0.6 0.019 0.891 0.057 0.057-0.006 0.164-0.007 0.272-0.007 7.15 0 12.947 5.796 12.947 12.947 0 0.108-0.001 0.215-0.004 0.322l0-0.016v503.482c0.002 0.091 0.004 0.199 0.004 0.306 0 7.15-5.796 12.947-12.947 12.947-0.108 0-0.215-0.001-0.322-0.004-0.241 0.034-0.539 0.053-0.841 0.053-1.874 0-3.574-0.742-4.824-1.948l0.002 0.002c-98.273-48.542-164.673-148.065-164.673-263.098s66.401-214.556 162.964-262.333l1.709-0.765z" fill="rgb(113, 33, 119)" class="path3"></path><path data-v-7b5b6b2c="" d="M938.824 283.919c1.893 0 1.893 1.893 3.786 1.893 1.765 2.012 2.841 4.666 2.841 7.571s-1.077 5.559-2.853 7.584l0.011-0.013-268.776 266.884c-2.012 1.765-4.666 2.841-7.571 2.841s-5.559-1.077-7.584-2.853c-1.144-0.651-1.911-1.879-1.911-3.285 0-0.172 0.012-0.342 0.034-0.508l-0.002 0.019c-7.681-21.529-12.12-46.363-12.12-72.235 0-61.263 24.891-116.712 65.111-156.786 39.326-39.792 93.895-64.431 154.219-64.431 26.857 0 52.573 4.884 76.309 13.812l-1.494-0.493z" fill="rgb(130, 188, 0)" class="path4"></path></g></g></svg></div></span> Giant White Eggs Grade A Jumbo </h3></div><div role="link" class="product-grid-cell_sizes"><span class="product-grid-cell_size"> 1 DOZ </span><span aria-hidden="true"> | </span><!----><span class="product-grid-cell_unit"> $1.99 / DOZ </span></div><!----></div><div class="product-grid-cell_promo-name"><!----><!----><!----><!----><!----></div><!----><div class="margin-top--one"><!----><div data-v-4e03913c="" class="pdl-add-to-cart"><div data-v-4e03913c="" class="pdl-add-to-cart_button"><button data-v-4e03913c="" aria-label="Add to Cart" data-product-id="118868" data-price="1.99" class="button button--add-to-cart"> Add to Cart <!----></button><!----></div><!----></div></div><!----></div></div><!----><!----><div class="product-tile_action-items"><!----><!----><div class="shopping-list-menu_container"><div><button aria-label="add to shopping list" class="button pdl-product-detail_top-icon button--fourth pdl-product-detail_top-icon--borderless"><!----><div class="vector-icon-size--large"><svg xmlns="http://www.w3.org/2000/svg" aria-label="Shopping List Icon Add" viewBox="0 0 32 32" role="presentation" aria-hidden="true" focusable="false" class="vector-icon-color--dark-grey"><title lang="en">Shopping List Icon Add</title><desc></desc><g fill="" stroke=""><path d="M21.94066,15.3368884 L21.94066,12.8931995 C21.94066,12.3409148 22.3883752,11.8931995 22.94066,11.8931995 C23.4929447,11.8931995 23.94066,12.3409148 23.94066,12.8931995 L23.94066,15.3368884 L26.2522624,15.3368884 C26.8045471,15.3368884 27.2522624,15.7846037 27.2522624,16.3368884 C27.2522624,16.8891732 26.8045471,17.3368884 26.2522624,17.3368884 L23.94066,17.3368884 L23.94066,19.8787952 C23.94066,20.43108 23.4929447,20.8787952 22.94066,20.8787952 C22.3883752,20.8787952 21.94066,20.43108 21.94066,19.8787952 L21.94066,17.3368884 L19.2666667,17.3368884 C18.7143819,17.3368884 18.2666667,16.8891732 18.2666667,16.3368884 C18.2666667,15.7846037 18.7143819,15.3368884 19.2666667,15.3368884 L21.94066,15.3368884 Z M8,12 C7.44771525,12 7,11.5522847 7,11 C7,10.4477153 7.44771525,10 8,10 L19.1153581,10 C19.6676429,10 20.1153581,10.4477153 20.1153581,11 C20.1153581,11.5522847 19.6676429,12 19.1153581,12 L8,12 Z M8,17.3368884 C7.44771525,17.3368884 7,16.8891732 7,16.3368884 C7,15.7846037 7.44771525,15.3368884 8,15.3368884 L14.7200696,15.3368884 C15.2723543,15.3368884 15.7200696,15.7846037 15.7200696,16.3368884 C15.7200696,16.8891732 15.2723543,17.3368884 14.7200696,17.3368884 L8,17.3368884 Z M8,23 C7.44771525,23 7,22.5522847 7,22 C7,21.4477153 7.44771525,21 8,21 L19.1153581,21 C19.6676429,21 20.1153581,21.4477153 20.1153581,22 C20.1153581,22.5522847 19.6676429,23 19.1153581,23 L8,23 Z" fill="#000000" fill-rule="nonzero"></path></g></svg></div><div class="pdl-product-detail_list-tooltip"><p>Add item to shopping list</p><i></i></div></button><!----></div></div></div><!----></li><!----><!----><!----><li id="product-17" tabindex="-1" data-product-id="126136" aria-label="Eggland&#39;s Best Brown Eggs Grade A Large Cage Free Vegetarian Fed Hens" class="tile product-cell product-grid-cell"><!----><!----><!----><div class="product-tile_content"><div><!----><div class="flag_outer-container"><!----><!----><!----></div></div><!----><div><img src="./Search Results _ Giant_files/V64UF.jpg" alt="Eggland&#39;s Best Brown Eggs Grade A Large Cage Free Vegetarian Fed Hens" class="product-grid-image product-grid-cell_main-image"></div><div class="product-grid-cell_price-tag product-grid-cell_price-tag--full-tile"><div class="product-tile_detail"><div class="product-grid-cell_price-container"><span role="link" class="product-grid-cell_main-price"> $3.99 </span><!----></div></div><div class="product-tile_detail-title"><div data-v-7b5b6b2c="" role="link" tabindex="0" class="product-grid-cell_name"><h3 data-v-7b5b6b2c="" aria-label="Eggland&#39;s Best Brown Eggs Grade A Large Cage Free Vegetarian Fed Hens" class="product-grid-cell_name-text product-grid-cell_name-text--small"><!----> Eggland's Best Brown Eggs Grade A Large Cage Free Vegetarian Fed Hens </h3></div><div role="link" class="product-grid-cell_sizes"><span class="product-grid-cell_size"> 1 DOZ </span><span aria-hidden="true"> | </span><!----><span class="product-grid-cell_unit"> $3.99 / DOZ </span></div><!----></div><div class="product-grid-cell_promo-name"><!----><!----><!----><!----><!----></div><!----><div class="margin-top--one"><!----><div data-v-4e03913c="" class="pdl-add-to-cart"><div data-v-4e03913c="" class="pdl-add-to-cart_button"><button data-v-4e03913c="" aria-label="Add to Cart" data-product-id="126136" data-price="3.99" class="button button--add-to-cart"> Add to Cart <!----></button><!----></div><!----></div></div><!----></div></div><!----><!----><div class="product-tile_action-items"><!----><!----><div class="shopping-list-menu_container"><div><button aria-label="add to shopping list" class="button pdl-product-detail_top-icon button--fourth pdl-product-detail_top-icon--borderless"><!----><div class="vector-icon-size--large"><svg xmlns="http://www.w3.org/2000/svg" aria-label="Shopping List Icon Add" viewBox="0 0 32 32" role="presentation" aria-hidden="true" focusable="false" class="vector-icon-color--dark-grey"><title lang="en">Shopping List Icon Add</title><desc></desc><g fill="" stroke=""><path d="M21.94066,15.3368884 L21.94066,12.8931995 C21.94066,12.3409148 22.3883752,11.8931995 22.94066,11.8931995 C23.4929447,11.8931995 23.94066,12.3409148 23.94066,12.8931995 L23.94066,15.3368884 L26.2522624,15.3368884 C26.8045471,15.3368884 27.2522624,15.7846037 27.2522624,16.3368884 C27.2522624,16.8891732 26.8045471,17.3368884 26.2522624,17.3368884 L23.94066,17.3368884 L23.94066,19.8787952 C23.94066,20.43108 23.4929447,20.8787952 22.94066,20.8787952 C22.3883752,20.8787952 21.94066,20.43108 21.94066,19.8787952 L21.94066,17.3368884 L19.2666667,17.3368884 C18.7143819,17.3368884 18.2666667,16.8891732 18.2666667,16.3368884 C18.2666667,15.7846037 18.7143819,15.3368884 19.2666667,15.3368884 L21.94066,15.3368884 Z M8,12 C7.44771525,12 7,11.5522847 7,11 C7,10.4477153 7.44771525,10 8,10 L19.1153581,10 C19.6676429,10 20.1153581,10.4477153 20.1153581,11 C20.1153581,11.5522847 19.6676429,12 19.1153581,12 L8,12 Z M8,17.3368884 C7.44771525,17.3368884 7,16.8891732 7,16.3368884 C7,15.7846037 7.44771525,15.3368884 8,15.3368884 L14.7200696,15.3368884 C15.2723543,15.3368884 15.7200696,15.7846037 15.7200696,16.3368884 C15.7200696,16.8891732 15.2723543,17.3368884 14.7200696,17.3368884 L8,17.3368884 Z M8,23 C7.44771525,23 7,22.5522847 7,22 C7,21.4477153 7.44771525,21 8,21 L19.1153581,21 C19.6676429,21 20.1153581,21.4477153 20.1153581,22 C20.1153581,22.5522847 19.6676429,23 19.1153581,23 L8,23 Z" fill="#000000" fill-rule="nonzero"></path></g></svg></div><div class="pdl-product-detail_list-tooltip"><p>Add item to shopping list</p><i></i></div></button><!----></div></div></div><!----></li><!----><!----><!----><li id="product-18" tabindex="-1" data-product-id="142397" aria-label="Organic Valley Brown Eggs Free-Range Large Omega-3" class="tile product-cell product-grid-cell"><!----><!----><!----><div class="product-tile_content"><div><!----><div class="flag_outer-container"><!----><!----><!----></div></div><!----><div><img src="./Search Results _ Giant_files/D8ICJ.jpg" alt="Organic Valley Brown Eggs Free-Range Large Omega-3" class="product-grid-image product-grid-cell_main-image"></div><div class="product-grid-cell_price-tag product-grid-cell_price-tag--full-tile"><div class="product-tile_detail"><div class="product-grid-cell_price-container"><span role="link" class="product-grid-cell_main-price"> $6.49 </span><!----></div></div><div class="product-tile_detail-title"><div data-v-7b5b6b2c="" role="link" tabindex="0" class="product-grid-cell_name"><h3 data-v-7b5b6b2c="" aria-label="Organic Valley Brown Eggs Free-Range Large Omega-3" class="product-grid-cell_name-text product-grid-cell_name-text--small"><!----> Organic Valley Brown Eggs Free-Range Large Omega-3 </h3></div><div role="link" class="product-grid-cell_sizes"><span class="product-grid-cell_size"> 1 DOZ </span><span aria-hidden="true"> | </span><!----><span class="product-grid-cell_unit"> $6.49 / DOZ </span></div><!----></div><div class="product-grid-cell_promo-name"><!----><!----><!----><!----><!----></div><!----><div class="margin-top--one"><!----><div data-v-4e03913c="" class="pdl-add-to-cart"><div data-v-4e03913c="" class="pdl-add-to-cart_button"><button data-v-4e03913c="" aria-label="Add to Cart" data-product-id="142397" data-price="6.49" class="button button--add-to-cart"> Add to Cart <!----></button><!----></div><!----></div></div><!----></div></div><!----><!----><div class="product-tile_action-items"><!----><!----><div class="shopping-list-menu_container"><div><button aria-label="add to shopping list" class="button pdl-product-detail_top-icon button--fourth pdl-product-detail_top-icon--borderless"><!----><div class="vector-icon-size--large"><svg xmlns="http://www.w3.org/2000/svg" aria-label="Shopping List Icon Add" viewBox="0 0 32 32" role="presentation" aria-hidden="true" focusable="false" class="vector-icon-color--dark-grey"><title lang="en">Shopping List Icon Add</title><desc></desc><g fill="" stroke=""><path d="M21.94066,15.3368884 L21.94066,12.8931995 C21.94066,12.3409148 22.3883752,11.8931995 22.94066,11.8931995 C23.4929447,11.8931995 23.94066,12.3409148 23.94066,12.8931995 L23.94066,15.3368884 L26.2522624,15.3368884 C26.8045471,15.3368884 27.2522624,15.7846037 27.2522624,16.3368884 C27.2522624,16.8891732 26.8045471,17.3368884 26.2522624,17.3368884 L23.94066,17.3368884 L23.94066,19.8787952 C23.94066,20.43108 23.4929447,20.8787952 22.94066,20.8787952 C22.3883752,20.8787952 21.94066,20.43108 21.94066,19.8787952 L21.94066,17.3368884 L19.2666667,17.3368884 C18.7143819,17.3368884 18.2666667,16.8891732 18.2666667,16.3368884 C18.2666667,15.7846037 18.7143819,15.3368884 19.2666667,15.3368884 L21.94066,15.3368884 Z M8,12 C7.44771525,12 7,11.5522847 7,11 C7,10.4477153 7.44771525,10 8,10 L19.1153581,10 C19.6676429,10 20.1153581,10.4477153 20.1153581,11 C20.1153581,11.5522847 19.6676429,12 19.1153581,12 L8,12 Z M8,17.3368884 C7.44771525,17.3368884 7,16.8891732 7,16.3368884 C7,15.7846037 7.44771525,15.3368884 8,15.3368884 L14.7200696,15.3368884 C15.2723543,15.3368884 15.7200696,15.7846037 15.7200696,16.3368884 C15.7200696,16.8891732 15.2723543,17.3368884 14.7200696,17.3368884 L8,17.3368884 Z M8,23 C7.44771525,23 7,22.5522847 7,22 C7,21.4477153 7.44771525,21 8,21 L19.1153581,21 C19.6676429,21 20.1153581,21.4477153 20.1153581,22 C20.1153581,22.5522847 19.6676429,23 19.1153581,23 L8,23 Z" fill="#000000" fill-rule="nonzero"></path></g></svg></div><div class="pdl-product-detail_list-tooltip"><p>Add item to shopping list</p><i></i></div></button><!----></div></div></div><!----></li><!----><!----><!----><li id="product-19" tabindex="-1" data-product-id="149104" aria-label="Eggland&#39;s Best Brown Eggs Grade A Large Cage Free Vegetarian Hens Organic" class="tile product-cell product-grid-cell"><!----><!----><!----><div class="product-tile_content"><div><!----><div class="flag_outer-container"><span class="flag_label flag_label--tomato"> Sale </span><!----><!----></div></div><!----><div><img src="./Search Results _ Giant_files/CE5QC.jpg" alt="Eggland&#39;s Best Brown Eggs Grade A Large Cage Free Vegetarian Hens Organic" class="product-grid-image product-grid-cell_main-image"></div><div class="product-grid-cell_price-tag product-grid-cell_price-tag--full-tile"><div class="product-tile_detail"><div class="product-grid-cell_price-container product-grid-cell_price-container_column"><span role="link" class="product-grid-cell_main-price product-grid-cell_main-price--on-sale"> $4.24 </span><div class="product-grid-cell_was-container"><span class="product-grid-cell_regular-price product-grid-cell_regular-price--small"> $4.99 </span></div></div></div><div class="product-tile_detail-title"><div data-v-7b5b6b2c="" role="link" tabindex="0" class="product-grid-cell_name"><h3 data-v-7b5b6b2c="" aria-label="Eggland&#39;s Best Brown Eggs Grade A Large Cage Free Vegetarian Hens Organic" class="product-grid-cell_name-text product-grid-cell_name-text--small"><!----> Eggland's Best Brown Eggs Grade A Large Cage Free Vegetarian Hens Organic </h3></div><div role="link" class="product-grid-cell_sizes"><span class="product-grid-cell_size"> 1 DOZ </span><span aria-hidden="true"> | </span><!----><span class="product-grid-cell_unit"> $4.24 / DOZ </span></div><!----></div><div class="product-grid-cell_promo-name"><!----><!----><!----><!----><!----></div><!----><div class="margin-top--one"><!----><div data-v-4e03913c="" class="pdl-add-to-cart"><div data-v-4e03913c="" class="pdl-add-to-cart_button"><button data-v-4e03913c="" aria-label="Add to Cart" data-product-id="149104" data-price="4.24" class="button button--add-to-cart"> Add to Cart <!----></button><!----></div><!----></div></div><!----></div></div><!----><!----><div class="product-tile_action-items"><!----><!----><div class="shopping-list-menu_container"><div><button aria-label="add to shopping list" class="button pdl-product-detail_top-icon button--fourth pdl-product-detail_top-icon--borderless"><!----><div class="vector-icon-size--large"><svg xmlns="http://www.w3.org/2000/svg" aria-label="Shopping List Icon Add" viewBox="0 0 32 32" role="presentation" aria-hidden="true" focusable="false" class="vector-icon-color--dark-grey"><title lang="en">Shopping List Icon Add</title><desc></desc><g fill="" stroke=""><path d="M21.94066,15.3368884 L21.94066,12.8931995 C21.94066,12.3409148 22.3883752,11.8931995 22.94066,11.8931995 C23.4929447,11.8931995 23.94066,12.3409148 23.94066,12.8931995 L23.94066,15.3368884 L26.2522624,15.3368884 C26.8045471,15.3368884 27.2522624,15.7846037 27.2522624,16.3368884 C27.2522624,16.8891732 26.8045471,17.3368884 26.2522624,17.3368884 L23.94066,17.3368884 L23.94066,19.8787952 C23.94066,20.43108 23.4929447,20.8787952 22.94066,20.8787952 C22.3883752,20.8787952 21.94066,20.43108 21.94066,19.8787952 L21.94066,17.3368884 L19.2666667,17.3368884 C18.7143819,17.3368884 18.2666667,16.8891732 18.2666667,16.3368884 C18.2666667,15.7846037 18.7143819,15.3368884 19.2666667,15.3368884 L21.94066,15.3368884 Z M8,12 C7.44771525,12 7,11.5522847 7,11 C7,10.4477153 7.44771525,10 8,10 L19.1153581,10 C19.6676429,10 20.1153581,10.4477153 20.1153581,11 C20.1153581,11.5522847 19.6676429,12 19.1153581,12 L8,12 Z M8,17.3368884 C7.44771525,17.3368884 7,16.8891732 7,16.3368884 C7,15.7846037 7.44771525,15.3368884 8,15.3368884 L14.7200696,15.3368884 C15.2723543,15.3368884 15.7200696,15.7846037 15.7200696,16.3368884 C15.7200696,16.8891732 15.2723543,17.3368884 14.7200696,17.3368884 L8,17.3368884 Z M8,23 C7.44771525,23 7,22.5522847 7,22 C7,21.4477153 7.44771525,21 8,21 L19.1153581,21 C19.6676429,21 20.1153581,21.4477153 20.1153581,22 C20.1153581,22.5522847 19.6676429,23 19.1153581,23 L8,23 Z" fill="#000000" fill-rule="nonzero"></path></g></svg></div><div class="pdl-product-detail_list-tooltip"><p>Add item to shopping list</p><i></i></div></button><!----></div></div></div><!----></li><!----><!----><!----><li id="product-20" tabindex="-1" data-product-id="149623" aria-label="Giant White Eggs Grade A Large" class="tile product-cell product-grid-cell"><!----><!----><!----><div class="product-tile_content"><div><!----><div class="flag_outer-container"><!----><!----><!----></div></div><!----><div><img src="./Search Results _ Giant_files/LO8I5.jpg" alt="Giant White Eggs Grade A Large" class="product-grid-image product-grid-cell_main-image"></div><div class="product-grid-cell_price-tag product-grid-cell_price-tag--full-tile"><div class="product-tile_detail"><div class="product-grid-cell_price-container"><span role="link" class="product-grid-cell_main-price"> $1.19 </span><!----></div></div><div class="product-tile_detail-title"><div data-v-7b5b6b2c="" role="link" tabindex="0" class="product-grid-cell_name"><h3 data-v-7b5b6b2c="" aria-label="Giant White Eggs Grade A Large" class="product-grid-cell_name-text product-grid-cell_name-text--small"><span data-v-7b5b6b2c="" class="vector-icon_inline-text--left"><div data-v-7b5b6b2c="" class="vector-icon-size--xsmall"><svg xmlns="http://www.w3.org/2000/svg" aria-label="Ahold Icon" viewBox="0 0 1024 945" role="presentation" aria-hidden="true" focusable="false" class=""><title lang="en">Ahold Icon</title><desc></desc><g fill="" stroke=""><g data-v-7b5b6b2c=""><path data-v-7b5b6b2c="" d="M1.893 730.617c-1.289-2.094-2.052-4.631-2.052-7.346 0-0.747 0.058-1.481 0.169-2.197 0.158-12.396 10.227-22.466 22.687-22.634l895.306-0c12.476 0.168 22.545 10.237 22.713 22.698-0.521 3.721-1.182 6.924-2.024 10.053l0.131-0.574c-86.363 175.072-263.598 293.385-468.466 293.385s-382.103-118.313-467.105-290.339l-1.361-3.046z" fill="rgb(247, 168, 0)" class="path1"></path><path data-v-7b5b6b2c="" d="M107.889 132.495c1.893-1.893 1.893-3.786 3.786-5.678 2.98-3.491 7.385-5.69 12.303-5.69s9.323 2.199 12.284 5.668l0.019 0.022 476.983 476.983c3.491 2.98 5.69 7.385 5.69 12.303s-2.199 9.323-5.668 12.284c-1.399 1.869-3.361 3.216-5.631 3.789l-0.069 0.015c-38.446 13.732-82.796 21.669-129.001 21.669-108.416 0-206.626-43.699-277.977-114.443-70.367-71.826-113.809-170.317-113.809-278.955 0-45.803 7.722-89.803 21.936-130.767l-0.845 2.8z" fill="rgb(226, 35, 26)" class="path2"></path><path data-v-7b5b6b2c="" d="M600.015 1.893c1.247-1.204 2.948-1.946 4.822-1.946 0.302 0 0.6 0.019 0.891 0.057 0.057-0.006 0.164-0.007 0.272-0.007 7.15 0 12.947 5.796 12.947 12.947 0 0.108-0.001 0.215-0.004 0.322l0-0.016v503.482c0.002 0.091 0.004 0.199 0.004 0.306 0 7.15-5.796 12.947-12.947 12.947-0.108 0-0.215-0.001-0.322-0.004-0.241 0.034-0.539 0.053-0.841 0.053-1.874 0-3.574-0.742-4.824-1.948l0.002 0.002c-98.273-48.542-164.673-148.065-164.673-263.098s66.401-214.556 162.964-262.333l1.709-0.765z" fill="rgb(113, 33, 119)" class="path3"></path><path data-v-7b5b6b2c="" d="M938.824 283.919c1.893 0 1.893 1.893 3.786 1.893 1.765 2.012 2.841 4.666 2.841 7.571s-1.077 5.559-2.853 7.584l0.011-0.013-268.776 266.884c-2.012 1.765-4.666 2.841-7.571 2.841s-5.559-1.077-7.584-2.853c-1.144-0.651-1.911-1.879-1.911-3.285 0-0.172 0.012-0.342 0.034-0.508l-0.002 0.019c-7.681-21.529-12.12-46.363-12.12-72.235 0-61.263 24.891-116.712 65.111-156.786 39.326-39.792 93.895-64.431 154.219-64.431 26.857 0 52.573 4.884 76.309 13.812l-1.494-0.493z" fill="rgb(130, 188, 0)" class="path4"></path></g></g></svg></div></span> Giant White Eggs Grade A Large </h3></div><div role="link" class="product-grid-cell_sizes"><span class="product-grid-cell_size"> 8 CT PKG </span><span aria-hidden="true"> | </span><!----><span class="product-grid-cell_unit"> $0.15 / EA </span></div><!----></div><div class="product-grid-cell_promo-name"><!----><!----><!----><!----><!----></div><!----><div class="margin-top--one"><div class="pdl-add-to-cart"><button class="button button--disabled out-of-stock_text"> Out of Stock </button><!----></div><!----></div><!----></div></div><!----><!----><div class="product-tile_action-items"><!----><!----><div class="shopping-list-menu_container"><div><button aria-label="add to shopping list" class="button pdl-product-detail_top-icon button--fourth pdl-product-detail_top-icon--borderless"><!----><div class="vector-icon-size--large"><svg xmlns="http://www.w3.org/2000/svg" aria-label="Shopping List Icon Add" viewBox="0 0 32 32" role="presentation" aria-hidden="true" focusable="false" class="vector-icon-color--dark-grey"><title lang="en">Shopping List Icon Add</title><desc></desc><g fill="" stroke=""><path d="M21.94066,15.3368884 L21.94066,12.8931995 C21.94066,12.3409148 22.3883752,11.8931995 22.94066,11.8931995 C23.4929447,11.8931995 23.94066,12.3409148 23.94066,12.8931995 L23.94066,15.3368884 L26.2522624,15.3368884 C26.8045471,15.3368884 27.2522624,15.7846037 27.2522624,16.3368884 C27.2522624,16.8891732 26.8045471,17.3368884 26.2522624,17.3368884 L23.94066,17.3368884 L23.94066,19.8787952 C23.94066,20.43108 23.4929447,20.8787952 22.94066,20.8787952 C22.3883752,20.8787952 21.94066,20.43108 21.94066,19.8787952 L21.94066,17.3368884 L19.2666667,17.3368884 C18.7143819,17.3368884 18.2666667,16.8891732 18.2666667,16.3368884 C18.2666667,15.7846037 18.7143819,15.3368884 19.2666667,15.3368884 L21.94066,15.3368884 Z M8,12 C7.44771525,12 7,11.5522847 7,11 C7,10.4477153 7.44771525,10 8,10 L19.1153581,10 C19.6676429,10 20.1153581,10.4477153 20.1153581,11 C20.1153581,11.5522847 19.6676429,12 19.1153581,12 L8,12 Z M8,17.3368884 C7.44771525,17.3368884 7,16.8891732 7,16.3368884 C7,15.7846037 7.44771525,15.3368884 8,15.3368884 L14.7200696,15.3368884 C15.2723543,15.3368884 15.7200696,15.7846037 15.7200696,16.3368884 C15.7200696,16.8891732 15.2723543,17.3368884 14.7200696,17.3368884 L8,17.3368884 Z M8,23 C7.44771525,23 7,22.5522847 7,22 C7,21.4477153 7.44771525,21 8,21 L19.1153581,21 C19.6676429,21 20.1153581,21.4477153 20.1153581,22 C20.1153581,22.5522847 19.6676429,23 19.1153581,23 L8,23 Z" fill="#000000" fill-rule="nonzero"></path></g></svg></div><div class="pdl-product-detail_list-tooltip"><p>Add item to shopping list</p><i></i></div></button><!----></div></div></div><!----></li><!----><!----><!----><li id="product-21" tabindex="-1" data-product-id="158316" aria-label="Pete and Gerry&#39;s Brown Eggs Grade A X-Large Organic" class="tile product-cell product-grid-cell"><!----><!----><!----><div class="product-tile_content"><div><!----><div class="flag_outer-container"><!----><!----><!----></div></div><!----><div><img src="./Search Results _ Giant_files/HVOIE.png" alt="Pete and Gerry&#39;s Brown Eggs Grade A X-Large Organic" class="product-grid-image product-grid-cell_main-image"></div><div class="product-grid-cell_price-tag product-grid-cell_price-tag--full-tile"><div class="product-tile_detail"><div class="product-grid-cell_price-container"><span role="link" class="product-grid-cell_main-price"> $3.39 </span><!----></div></div><div class="product-tile_detail-title"><div data-v-7b5b6b2c="" role="link" tabindex="0" class="product-grid-cell_name"><h3 data-v-7b5b6b2c="" aria-label="Pete and Gerry&#39;s Brown Eggs Grade A X-Large Organic" class="product-grid-cell_name-text product-grid-cell_name-text--small"><!----> Pete and Gerry's Brown Eggs Grade A X-Large Organic </h3></div><div role="link" class="product-grid-cell_sizes"><span class="product-grid-cell_size"> 1/2 DOZ </span><span aria-hidden="true"> | </span><!----><span class="product-grid-cell_unit"> $6.78 / DOZ </span></div><!----></div><div class="product-grid-cell_promo-name"><!----><!----><!----><!----><!----></div><!----><div class="margin-top--one"><div class="pdl-add-to-cart"><button class="button button--disabled out-of-stock_text"> Out of Stock </button><!----></div><!----></div><!----></div></div><!----><!----><div class="product-tile_action-items"><!----><!----><div class="shopping-list-menu_container"><div><button aria-label="add to shopping list" class="button pdl-product-detail_top-icon button--fourth pdl-product-detail_top-icon--borderless"><!----><div class="vector-icon-size--large"><svg xmlns="http://www.w3.org/2000/svg" aria-label="Shopping List Icon Add" viewBox="0 0 32 32" role="presentation" aria-hidden="true" focusable="false" class="vector-icon-color--dark-grey"><title lang="en">Shopping List Icon Add</title><desc></desc><g fill="" stroke=""><path d="M21.94066,15.3368884 L21.94066,12.8931995 C21.94066,12.3409148 22.3883752,11.8931995 22.94066,11.8931995 C23.4929447,11.8931995 23.94066,12.3409148 23.94066,12.8931995 L23.94066,15.3368884 L26.2522624,15.3368884 C26.8045471,15.3368884 27.2522624,15.7846037 27.2522624,16.3368884 C27.2522624,16.8891732 26.8045471,17.3368884 26.2522624,17.3368884 L23.94066,17.3368884 L23.94066,19.8787952 C23.94066,20.43108 23.4929447,20.8787952 22.94066,20.8787952 C22.3883752,20.8787952 21.94066,20.43108 21.94066,19.8787952 L21.94066,17.3368884 L19.2666667,17.3368884 C18.7143819,17.3368884 18.2666667,16.8891732 18.2666667,16.3368884 C18.2666667,15.7846037 18.7143819,15.3368884 19.2666667,15.3368884 L21.94066,15.3368884 Z M8,12 C7.44771525,12 7,11.5522847 7,11 C7,10.4477153 7.44771525,10 8,10 L19.1153581,10 C19.6676429,10 20.1153581,10.4477153 20.1153581,11 C20.1153581,11.5522847 19.6676429,12 19.1153581,12 L8,12 Z M8,17.3368884 C7.44771525,17.3368884 7,16.8891732 7,16.3368884 C7,15.7846037 7.44771525,15.3368884 8,15.3368884 L14.7200696,15.3368884 C15.2723543,15.3368884 15.7200696,15.7846037 15.7200696,16.3368884 C15.7200696,16.8891732 15.2723543,17.3368884 14.7200696,17.3368884 L8,17.3368884 Z M8,23 C7.44771525,23 7,22.5522847 7,22 C7,21.4477153 7.44771525,21 8,21 L19.1153581,21 C19.6676429,21 20.1153581,21.4477153 20.1153581,22 C20.1153581,22.5522847 19.6676429,23 19.1153581,23 L8,23 Z" fill="#000000" fill-rule="nonzero"></path></g></svg></div><div class="pdl-product-detail_list-tooltip"><p>Add item to shopping list</p><i></i></div></button><!----></div></div></div><!----></li><!----><!----><!----><li id="product-22" tabindex="-1" data-product-id="167566" aria-label="New England Brown Eggs Grade A Extra Large" class="tile product-cell product-grid-cell"><!----><!----><!----><div class="product-tile_content"><div><!----><div class="flag_outer-container"><!----><!----><!----></div></div><!----><div><img src="./Search Results _ Giant_files/6ZVWI.jpg" alt="New England Brown Eggs Grade A Extra Large" class="product-grid-image product-grid-cell_main-image"></div><div class="product-grid-cell_price-tag product-grid-cell_price-tag--full-tile"><div class="product-tile_detail"><div class="product-grid-cell_price-container"><span role="link" class="product-grid-cell_main-price"> $4.19 </span><!----></div></div><div class="product-tile_detail-title"><div data-v-7b5b6b2c="" role="link" tabindex="0" class="product-grid-cell_name"><h3 data-v-7b5b6b2c="" aria-label="New England Brown Eggs Grade A Extra Large" class="product-grid-cell_name-text product-grid-cell_name-text--small"><!----> New England Brown Eggs Grade A Extra Large </h3></div><div role="link" class="product-grid-cell_sizes"><span class="product-grid-cell_size"> 1 DOZ </span><span aria-hidden="true"> | </span><!----><span class="product-grid-cell_unit"> $4.19 / DOZ </span></div><!----></div><div class="product-grid-cell_promo-name"><!----><!----><!----><!----><!----></div><!----><div class="margin-top--one"><!----><div data-v-4e03913c="" class="pdl-add-to-cart"><div data-v-4e03913c="" class="pdl-add-to-cart_button"><button data-v-4e03913c="" aria-label="Add to Cart" data-product-id="167566" data-price="4.19" class="button button--add-to-cart"> Add to Cart <!----></button><!----></div><!----></div></div><!----></div></div><!----><!----><div class="product-tile_action-items"><!----><!----><div class="shopping-list-menu_container"><div><button aria-label="add to shopping list" class="button pdl-product-detail_top-icon button--fourth pdl-product-detail_top-icon--borderless"><!----><div class="vector-icon-size--large"><svg xmlns="http://www.w3.org/2000/svg" aria-label="Shopping List Icon Add" viewBox="0 0 32 32" role="presentation" aria-hidden="true" focusable="false" class="vector-icon-color--dark-grey"><title lang="en">Shopping List Icon Add</title><desc></desc><g fill="" stroke=""><path d="M21.94066,15.3368884 L21.94066,12.8931995 C21.94066,12.3409148 22.3883752,11.8931995 22.94066,11.8931995 C23.4929447,11.8931995 23.94066,12.3409148 23.94066,12.8931995 L23.94066,15.3368884 L26.2522624,15.3368884 C26.8045471,15.3368884 27.2522624,15.7846037 27.2522624,16.3368884 C27.2522624,16.8891732 26.8045471,17.3368884 26.2522624,17.3368884 L23.94066,17.3368884 L23.94066,19.8787952 C23.94066,20.43108 23.4929447,20.8787952 22.94066,20.8787952 C22.3883752,20.8787952 21.94066,20.43108 21.94066,19.8787952 L21.94066,17.3368884 L19.2666667,17.3368884 C18.7143819,17.3368884 18.2666667,16.8891732 18.2666667,16.3368884 C18.2666667,15.7846037 18.7143819,15.3368884 19.2666667,15.3368884 L21.94066,15.3368884 Z M8,12 C7.44771525,12 7,11.5522847 7,11 C7,10.4477153 7.44771525,10 8,10 L19.1153581,10 C19.6676429,10 20.1153581,10.4477153 20.1153581,11 C20.1153581,11.5522847 19.6676429,12 19.1153581,12 L8,12 Z M8,17.3368884 C7.44771525,17.3368884 7,16.8891732 7,16.3368884 C7,15.7846037 7.44771525,15.3368884 8,15.3368884 L14.7200696,15.3368884 C15.2723543,15.3368884 15.7200696,15.7846037 15.7200696,16.3368884 C15.7200696,16.8891732 15.2723543,17.3368884 14.7200696,17.3368884 L8,17.3368884 Z M8,23 C7.44771525,23 7,22.5522847 7,22 C7,21.4477153 7.44771525,21 8,21 L19.1153581,21 C19.6676429,21 20.1153581,21.4477153 20.1153581,22 C20.1153581,22.5522847 19.6676429,23 19.1153581,23 L8,23 Z" fill="#000000" fill-rule="nonzero"></path></g></svg></div><div class="pdl-product-detail_list-tooltip"><p>Add item to shopping list</p><i></i></div></button><!----></div></div></div><!----></li><!----><!----><!----><li id="product-23" tabindex="-1" data-product-id="174876" aria-label="Eggland&#39;s Best White Eggs Grade A Large Vegetarian Fed Hens All Natural" class="tile product-cell product-grid-cell"><!----><!----><!----><div class="product-tile_content"><div><!----><div class="flag_outer-container"><span class="flag_label flag_label--tomato"> Sale </span><!----><!----></div></div><!----><div><img src="./Search Results _ Giant_files/66V6N.png" alt="Eggland&#39;s Best White Eggs Grade A Large Vegetarian Fed Hens All Natural" class="product-grid-image product-grid-cell_main-image"></div><div class="product-grid-cell_price-tag product-grid-cell_price-tag--full-tile"><div class="product-tile_detail"><div class="product-grid-cell_price-container product-grid-cell_price-container_column"><span role="link" class="product-grid-cell_main-price product-grid-cell_main-price--on-sale"> $3.49 </span><div class="product-grid-cell_was-container"><span class="product-grid-cell_regular-price product-grid-cell_regular-price--small"> $4.79 </span></div></div></div><div class="product-tile_detail-title"><div data-v-7b5b6b2c="" role="link" tabindex="0" class="product-grid-cell_name"><h3 data-v-7b5b6b2c="" aria-label="Eggland&#39;s Best White Eggs Grade A Large Vegetarian Fed Hens All Natural" class="product-grid-cell_name-text product-grid-cell_name-text--small"><!----> Eggland's Best White Eggs Grade A Large Vegetarian Fed Hens All Natural </h3></div><div role="link" class="product-grid-cell_sizes"><span class="product-grid-cell_size"> 1.5 DOZ </span><span aria-hidden="true"> | </span><!----><span class="product-grid-cell_unit"> $2.33 / DOZ </span></div><!----></div><div class="product-grid-cell_promo-name"><!----><!----><!----><!----><!----></div><!----><div class="margin-top--one"><!----><div data-v-4e03913c="" class="pdl-add-to-cart"><div data-v-4e03913c="" class="pdl-add-to-cart_button"><button data-v-4e03913c="" aria-label="Add to Cart" data-product-id="174876" data-price="3.49" class="button button--add-to-cart"> Add to Cart <!----></button><!----></div><!----></div></div><!----></div></div><!----><!----><div class="product-tile_action-items"><!----><!----><div class="shopping-list-menu_container"><div><button aria-label="add to shopping list" class="button pdl-product-detail_top-icon button--fourth pdl-product-detail_top-icon--borderless"><!----><div class="vector-icon-size--large"><svg xmlns="http://www.w3.org/2000/svg" aria-label="Shopping List Icon Add" viewBox="0 0 32 32" role="presentation" aria-hidden="true" focusable="false" class="vector-icon-color--dark-grey"><title lang="en">Shopping List Icon Add</title><desc></desc><g fill="" stroke=""><path d="M21.94066,15.3368884 L21.94066,12.8931995 C21.94066,12.3409148 22.3883752,11.8931995 22.94066,11.8931995 C23.4929447,11.8931995 23.94066,12.3409148 23.94066,12.8931995 L23.94066,15.3368884 L26.2522624,15.3368884 C26.8045471,15.3368884 27.2522624,15.7846037 27.2522624,16.3368884 C27.2522624,16.8891732 26.8045471,17.3368884 26.2522624,17.3368884 L23.94066,17.3368884 L23.94066,19.8787952 C23.94066,20.43108 23.4929447,20.8787952 22.94066,20.8787952 C22.3883752,20.8787952 21.94066,20.43108 21.94066,19.8787952 L21.94066,17.3368884 L19.2666667,17.3368884 C18.7143819,17.3368884 18.2666667,16.8891732 18.2666667,16.3368884 C18.2666667,15.7846037 18.7143819,15.3368884 19.2666667,15.3368884 L21.94066,15.3368884 Z M8,12 C7.44771525,12 7,11.5522847 7,11 C7,10.4477153 7.44771525,10 8,10 L19.1153581,10 C19.6676429,10 20.1153581,10.4477153 20.1153581,11 C20.1153581,11.5522847 19.6676429,12 19.1153581,12 L8,12 Z M8,17.3368884 C7.44771525,17.3368884 7,16.8891732 7,16.3368884 C7,15.7846037 7.44771525,15.3368884 8,15.3368884 L14.7200696,15.3368884 C15.2723543,15.3368884 15.7200696,15.7846037 15.7200696,16.3368884 C15.7200696,16.8891732 15.2723543,17.3368884 14.7200696,17.3368884 L8,17.3368884 Z M8,23 C7.44771525,23 7,22.5522847 7,22 C7,21.4477153 7.44771525,21 8,21 L19.1153581,21 C19.6676429,21 20.1153581,21.4477153 20.1153581,22 C20.1153581,22.5522847 19.6676429,23 19.1153581,23 L8,23 Z" fill="#000000" fill-rule="nonzero"></path></g></svg></div><div class="pdl-product-detail_list-tooltip"><p>Add item to shopping list</p><i></i></div></button><!----></div></div></div><!----></li><!----><!----><!----><li id="product-24" tabindex="-1" data-product-id="196836" aria-label="New England Brown Fertile Eggs Grade A Large" class="tile product-cell product-grid-cell"><!----><!----><!----><div class="product-tile_content"><div><!----><div class="flag_outer-container"><!----><!----><!----></div></div><!----><div><img src="./Search Results _ Giant_files/2PA0A.jpg" alt="New England Brown Fertile Eggs Grade A Large" class="product-grid-image product-grid-cell_main-image"></div><div class="product-grid-cell_price-tag product-grid-cell_price-tag--full-tile"><div class="product-tile_detail"><div class="product-grid-cell_price-container"><span role="link" class="product-grid-cell_main-price"> $3.79 </span><!----></div></div><div class="product-tile_detail-title"><div data-v-7b5b6b2c="" role="link" tabindex="0" class="product-grid-cell_name"><h3 data-v-7b5b6b2c="" aria-label="New England Brown Fertile Eggs Grade A Large" class="product-grid-cell_name-text product-grid-cell_name-text--small"><!----> New England Brown Fertile Eggs Grade A Large </h3></div><div role="link" class="product-grid-cell_sizes"><span class="product-grid-cell_size"> 1 DOZ </span><span aria-hidden="true"> | </span><!----><span class="product-grid-cell_unit"> $3.79 / DOZ </span></div><!----></div><div class="product-grid-cell_promo-name"><!----><!----><!----><!----><!----></div><!----><div class="margin-top--one"><!----><div data-v-4e03913c="" class="pdl-add-to-cart"><div data-v-4e03913c="" class="pdl-add-to-cart_button"><button data-v-4e03913c="" aria-label="Add to Cart" data-product-id="196836" data-price="3.79" class="button button--add-to-cart"> Add to Cart <!----></button><!----></div><!----></div></div><!----></div></div><!----><!----><div class="product-tile_action-items"><!----><!----><div class="shopping-list-menu_container"><div><button aria-label="add to shopping list" class="button pdl-product-detail_top-icon button--fourth pdl-product-detail_top-icon--borderless"><!----><div class="vector-icon-size--large"><svg xmlns="http://www.w3.org/2000/svg" aria-label="Shopping List Icon Add" viewBox="0 0 32 32" role="presentation" aria-hidden="true" focusable="false" class="vector-icon-color--dark-grey"><title lang="en">Shopping List Icon Add</title><desc></desc><g fill="" stroke=""><path d="M21.94066,15.3368884 L21.94066,12.8931995 C21.94066,12.3409148 22.3883752,11.8931995 22.94066,11.8931995 C23.4929447,11.8931995 23.94066,12.3409148 23.94066,12.8931995 L23.94066,15.3368884 L26.2522624,15.3368884 C26.8045471,15.3368884 27.2522624,15.7846037 27.2522624,16.3368884 C27.2522624,16.8891732 26.8045471,17.3368884 26.2522624,17.3368884 L23.94066,17.3368884 L23.94066,19.8787952 C23.94066,20.43108 23.4929447,20.8787952 22.94066,20.8787952 C22.3883752,20.8787952 21.94066,20.43108 21.94066,19.8787952 L21.94066,17.3368884 L19.2666667,17.3368884 C18.7143819,17.3368884 18.2666667,16.8891732 18.2666667,16.3368884 C18.2666667,15.7846037 18.7143819,15.3368884 19.2666667,15.3368884 L21.94066,15.3368884 Z M8,12 C7.44771525,12 7,11.5522847 7,11 C7,10.4477153 7.44771525,10 8,10 L19.1153581,10 C19.6676429,10 20.1153581,10.4477153 20.1153581,11 C20.1153581,11.5522847 19.6676429,12 19.1153581,12 L8,12 Z M8,17.3368884 C7.44771525,17.3368884 7,16.8891732 7,16.3368884 C7,15.7846037 7.44771525,15.3368884 8,15.3368884 L14.7200696,15.3368884 C15.2723543,15.3368884 15.7200696,15.7846037 15.7200696,16.3368884 C15.7200696,16.8891732 15.2723543,17.3368884 14.7200696,17.3368884 L8,17.3368884 Z M8,23 C7.44771525,23 7,22.5522847 7,22 C7,21.4477153 7.44771525,21 8,21 L19.1153581,21 C19.6676429,21 20.1153581,21.4477153 20.1153581,22 C20.1153581,22.5522847 19.6676429,23 19.1153581,23 L8,23 Z" fill="#000000" fill-rule="nonzero"></path></g></svg></div><div class="pdl-product-detail_list-tooltip"><p>Add item to shopping list</p><i></i></div></button><!----></div></div></div><!----></li><li class="content-tile_wrapper interwoven-track-log pdl-generic-content_container--max"><div class="content-tile_row spyglass-nav-group_wrapper"><!----><!----><!----><div aria-label="Cocktail Central" tabindex="0" role="link" class="content-tile_box"><div class="content-tile_tile"><div class="content-tile_image-container"><!----><img src="./Search Results _ Giant_files/SQD6Z.jpg" alt="Image of a variety of cocktails"></div><div class="content-tile_tile_content"><div><h4>Cocktail Central</h4><span>the best drink recipes</span></div><div><div class="vector-icon-size--arrow"><svg xmlns="http://www.w3.org/2000/svg" aria-label="Arrow Icon" viewBox="0 0 32 32" role="presentation" aria-hidden="true" focusable="false" class="vector-icon-color--dark-grey"><title lang="en">Arrow Icon</title><desc></desc><g fill="" stroke=""><path d="M0.626 31.374c0.833 0.833 2.188 0.833 3.021 0l13.858-13.858c0.419-0.419 0.628-0.97 0.624-1.517 0-0.551-0.205-1.098-0.624-1.517l-13.858-13.856c-0.833-0.833-2.188-0.833-3.021 0s-0.833 2.188 0 3.021l12.354 12.354-12.354 12.354c-0.833 0.833-0.833 2.188 0 3.019z"></path></g></svg></div></div></div></div></div><!----><!----><!----></div><div class="content-tile_row spyglass-nav-group_wrapper"><!----><!----><!----><div aria-label="Guiding Stars" tabindex="0" role="link" class="content-tile_box"><div class="content-tile_tile"><div class="content-tile_image-container"><!----><img src="./Search Results _ Giant_files/589IT.jpg"></div><div class="content-tile_tile_content"><div><h4>Guiding Stars</h4><span>Nutritious choices made simple</span></div><div><div class="vector-icon-size--arrow"><svg xmlns="http://www.w3.org/2000/svg" aria-label="Arrow Icon" viewBox="0 0 32 32" role="presentation" aria-hidden="true" focusable="false" class="vector-icon-color--dark-grey"><title lang="en">Arrow Icon</title><desc></desc><g fill="" stroke=""><path d="M0.626 31.374c0.833 0.833 2.188 0.833 3.021 0l13.858-13.858c0.419-0.419 0.628-0.97 0.624-1.517 0-0.551-0.205-1.098-0.624-1.517l-13.858-13.856c-0.833-0.833-2.188-0.833-3.021 0s-0.833 2.188 0 3.021l12.354 12.354-12.354 12.354c-0.833 0.833-0.833 2.188 0 3.019z"></path></g></svg></div></div></div></div></div><!----><!----><!----></div></li><!----><!----><!----><!----><!----><!----><li id="product-26" tabindex="-1" data-product-id="202646" aria-label="Giant White Eggs Grade A Extra Large" class="tile product-cell product-grid-cell"><!----><!----><!----><div class="product-tile_content"><div><!----><div class="flag_outer-container"><!----><!----><!----></div></div><!----><div><img src="./Search Results _ Giant_files/BH38R.jpg" alt="Giant White Eggs Grade A Extra Large" class="product-grid-image product-grid-cell_main-image"></div><div class="product-grid-cell_price-tag product-grid-cell_price-tag--full-tile"><div class="product-tile_detail"><div class="product-grid-cell_price-container"><span role="link" class="product-grid-cell_main-price"> $1.89 </span><!----></div></div><div class="product-tile_detail-title"><div data-v-7b5b6b2c="" role="link" tabindex="0" class="product-grid-cell_name"><h3 data-v-7b5b6b2c="" aria-label="Giant White Eggs Grade A Extra Large" class="product-grid-cell_name-text product-grid-cell_name-text--small"><span data-v-7b5b6b2c="" class="vector-icon_inline-text--left"><div data-v-7b5b6b2c="" class="vector-icon-size--xsmall"><svg xmlns="http://www.w3.org/2000/svg" aria-label="Ahold Icon" viewBox="0 0 1024 945" role="presentation" aria-hidden="true" focusable="false" class=""><title lang="en">Ahold Icon</title><desc></desc><g fill="" stroke=""><g data-v-7b5b6b2c=""><path data-v-7b5b6b2c="" d="M1.893 730.617c-1.289-2.094-2.052-4.631-2.052-7.346 0-0.747 0.058-1.481 0.169-2.197 0.158-12.396 10.227-22.466 22.687-22.634l895.306-0c12.476 0.168 22.545 10.237 22.713 22.698-0.521 3.721-1.182 6.924-2.024 10.053l0.131-0.574c-86.363 175.072-263.598 293.385-468.466 293.385s-382.103-118.313-467.105-290.339l-1.361-3.046z" fill="rgb(247, 168, 0)" class="path1"></path><path data-v-7b5b6b2c="" d="M107.889 132.495c1.893-1.893 1.893-3.786 3.786-5.678 2.98-3.491 7.385-5.69 12.303-5.69s9.323 2.199 12.284 5.668l0.019 0.022 476.983 476.983c3.491 2.98 5.69 7.385 5.69 12.303s-2.199 9.323-5.668 12.284c-1.399 1.869-3.361 3.216-5.631 3.789l-0.069 0.015c-38.446 13.732-82.796 21.669-129.001 21.669-108.416 0-206.626-43.699-277.977-114.443-70.367-71.826-113.809-170.317-113.809-278.955 0-45.803 7.722-89.803 21.936-130.767l-0.845 2.8z" fill="rgb(226, 35, 26)" class="path2"></path><path data-v-7b5b6b2c="" d="M600.015 1.893c1.247-1.204 2.948-1.946 4.822-1.946 0.302 0 0.6 0.019 0.891 0.057 0.057-0.006 0.164-0.007 0.272-0.007 7.15 0 12.947 5.796 12.947 12.947 0 0.108-0.001 0.215-0.004 0.322l0-0.016v503.482c0.002 0.091 0.004 0.199 0.004 0.306 0 7.15-5.796 12.947-12.947 12.947-0.108 0-0.215-0.001-0.322-0.004-0.241 0.034-0.539 0.053-0.841 0.053-1.874 0-3.574-0.742-4.824-1.948l0.002 0.002c-98.273-48.542-164.673-148.065-164.673-263.098s66.401-214.556 162.964-262.333l1.709-0.765z" fill="rgb(113, 33, 119)" class="path3"></path><path data-v-7b5b6b2c="" d="M938.824 283.919c1.893 0 1.893 1.893 3.786 1.893 1.765 2.012 2.841 4.666 2.841 7.571s-1.077 5.559-2.853 7.584l0.011-0.013-268.776 266.884c-2.012 1.765-4.666 2.841-7.571 2.841s-5.559-1.077-7.584-2.853c-1.144-0.651-1.911-1.879-1.911-3.285 0-0.172 0.012-0.342 0.034-0.508l-0.002 0.019c-7.681-21.529-12.12-46.363-12.12-72.235 0-61.263 24.891-116.712 65.111-156.786 39.326-39.792 93.895-64.431 154.219-64.431 26.857 0 52.573 4.884 76.309 13.812l-1.494-0.493z" fill="rgb(130, 188, 0)" class="path4"></path></g></g></svg></div></span> Giant White Eggs Grade A Extra Large </h3></div><div role="link" class="product-grid-cell_sizes"><span class="product-grid-cell_size"> 1 DOZ </span><span aria-hidden="true"> | </span><!----><span class="product-grid-cell_unit"> $1.89 / DOZ </span></div><!----></div><div class="product-grid-cell_promo-name"><!----><!----><!----><!----><!----></div><!----><div class="margin-top--one"><!----><div data-v-4e03913c="" class="pdl-add-to-cart"><div data-v-4e03913c="" class="pdl-add-to-cart_button"><button data-v-4e03913c="" aria-label="Add to Cart" data-product-id="202646" data-price="1.89" class="button button--add-to-cart"> Add to Cart <!----></button><!----></div><!----></div></div><!----></div></div><!----><!----><div class="product-tile_action-items"><!----><!----><div class="shopping-list-menu_container"><div><button aria-label="add to shopping list" class="button pdl-product-detail_top-icon button--fourth pdl-product-detail_top-icon--borderless"><!----><div class="vector-icon-size--large"><svg xmlns="http://www.w3.org/2000/svg" aria-label="Shopping List Icon Add" viewBox="0 0 32 32" role="presentation" aria-hidden="true" focusable="false" class="vector-icon-color--dark-grey"><title lang="en">Shopping List Icon Add</title><desc></desc><g fill="" stroke=""><path d="M21.94066,15.3368884 L21.94066,12.8931995 C21.94066,12.3409148 22.3883752,11.8931995 22.94066,11.8931995 C23.4929447,11.8931995 23.94066,12.3409148 23.94066,12.8931995 L23.94066,15.3368884 L26.2522624,15.3368884 C26.8045471,15.3368884 27.2522624,15.7846037 27.2522624,16.3368884 C27.2522624,16.8891732 26.8045471,17.3368884 26.2522624,17.3368884 L23.94066,17.3368884 L23.94066,19.8787952 C23.94066,20.43108 23.4929447,20.8787952 22.94066,20.8787952 C22.3883752,20.8787952 21.94066,20.43108 21.94066,19.8787952 L21.94066,17.3368884 L19.2666667,17.3368884 C18.7143819,17.3368884 18.2666667,16.8891732 18.2666667,16.3368884 C18.2666667,15.7846037 18.7143819,15.3368884 19.2666667,15.3368884 L21.94066,15.3368884 Z M8,12 C7.44771525,12 7,11.5522847 7,11 C7,10.4477153 7.44771525,10 8,10 L19.1153581,10 C19.6676429,10 20.1153581,10.4477153 20.1153581,11 C20.1153581,11.5522847 19.6676429,12 19.1153581,12 L8,12 Z M8,17.3368884 C7.44771525,17.3368884 7,16.8891732 7,16.3368884 C7,15.7846037 7.44771525,15.3368884 8,15.3368884 L14.7200696,15.3368884 C15.2723543,15.3368884 15.7200696,15.7846037 15.7200696,16.3368884 C15.7200696,16.8891732 15.2723543,17.3368884 14.7200696,17.3368884 L8,17.3368884 Z M8,23 C7.44771525,23 7,22.5522847 7,22 C7,21.4477153 7.44771525,21 8,21 L19.1153581,21 C19.6676429,21 20.1153581,21.4477153 20.1153581,22 C20.1153581,22.5522847 19.6676429,23 19.1153581,23 L8,23 Z" fill="#000000" fill-rule="nonzero"></path></g></svg></div><div class="pdl-product-detail_list-tooltip"><p>Add item to shopping list</p><i></i></div></button><!----></div></div></div><!----></li><!----><!----><!----><li id="product-27" tabindex="-1" data-product-id="216799" aria-label="The Farmer&#39;s Hen Free Range Grade A Eggs Large" class="tile product-cell product-grid-cell"><!----><!----><!----><div class="product-tile_content"><div><!----><div class="flag_outer-container"><!----><!----><!----></div></div><!----><div><img src="./Search Results _ Giant_files/E556V.jpg" alt="The Farmer&#39;s Hen Free Range Grade A Eggs Large" class="product-grid-image product-grid-cell_main-image"></div><div class="product-grid-cell_price-tag product-grid-cell_price-tag--full-tile"><div class="product-tile_detail"><div class="product-grid-cell_price-container"><span role="link" class="product-grid-cell_main-price"> $3.99 </span><!----></div></div><div class="product-tile_detail-title"><div data-v-7b5b6b2c="" role="link" tabindex="0" class="product-grid-cell_name"><h3 data-v-7b5b6b2c="" aria-label="The Farmer&#39;s Hen Free Range Grade A Eggs Large" class="product-grid-cell_name-text product-grid-cell_name-text--small"><!----> The Farmer's Hen Free Range Grade A Eggs Large </h3></div><div role="link" class="product-grid-cell_sizes"><span class="product-grid-cell_size"> 1 DOZ </span><span aria-hidden="true"> | </span><!----><span class="product-grid-cell_unit"> $3.99 / DOZ </span></div><!----></div><div class="product-grid-cell_promo-name"><!----><!----><!----><!----><!----></div><!----><div class="margin-top--one"><!----><div data-v-4e03913c="" class="pdl-add-to-cart"><div data-v-4e03913c="" class="pdl-add-to-cart_button"><button data-v-4e03913c="" aria-label="Add to Cart" data-product-id="216799" data-price="3.99" class="button button--add-to-cart"> Add to Cart <!----></button><!----></div><!----></div></div><!----></div></div><!----><!----><div class="product-tile_action-items"><!----><!----><div class="shopping-list-menu_container"><div><button aria-label="add to shopping list" class="button pdl-product-detail_top-icon button--fourth pdl-product-detail_top-icon--borderless"><!----><div class="vector-icon-size--large"><svg xmlns="http://www.w3.org/2000/svg" aria-label="Shopping List Icon Add" viewBox="0 0 32 32" role="presentation" aria-hidden="true" focusable="false" class="vector-icon-color--dark-grey"><title lang="en">Shopping List Icon Add</title><desc></desc><g fill="" stroke=""><path d="M21.94066,15.3368884 L21.94066,12.8931995 C21.94066,12.3409148 22.3883752,11.8931995 22.94066,11.8931995 C23.4929447,11.8931995 23.94066,12.3409148 23.94066,12.8931995 L23.94066,15.3368884 L26.2522624,15.3368884 C26.8045471,15.3368884 27.2522624,15.7846037 27.2522624,16.3368884 C27.2522624,16.8891732 26.8045471,17.3368884 26.2522624,17.3368884 L23.94066,17.3368884 L23.94066,19.8787952 C23.94066,20.43108 23.4929447,20.8787952 22.94066,20.8787952 C22.3883752,20.8787952 21.94066,20.43108 21.94066,19.8787952 L21.94066,17.3368884 L19.2666667,17.3368884 C18.7143819,17.3368884 18.2666667,16.8891732 18.2666667,16.3368884 C18.2666667,15.7846037 18.7143819,15.3368884 19.2666667,15.3368884 L21.94066,15.3368884 Z M8,12 C7.44771525,12 7,11.5522847 7,11 C7,10.4477153 7.44771525,10 8,10 L19.1153581,10 C19.6676429,10 20.1153581,10.4477153 20.1153581,11 C20.1153581,11.5522847 19.6676429,12 19.1153581,12 L8,12 Z M8,17.3368884 C7.44771525,17.3368884 7,16.8891732 7,16.3368884 C7,15.7846037 7.44771525,15.3368884 8,15.3368884 L14.7200696,15.3368884 C15.2723543,15.3368884 15.7200696,15.7846037 15.7200696,16.3368884 C15.7200696,16.8891732 15.2723543,17.3368884 14.7200696,17.3368884 L8,17.3368884 Z M8,23 C7.44771525,23 7,22.5522847 7,22 C7,21.4477153 7.44771525,21 8,21 L19.1153581,21 C19.6676429,21 20.1153581,21.4477153 20.1153581,22 C20.1153581,22.5522847 19.6676429,23 19.1153581,23 L8,23 Z" fill="#000000" fill-rule="nonzero"></path></g></svg></div><div class="pdl-product-detail_list-tooltip"><p>Add item to shopping list</p><i></i></div></button><!----></div></div></div><!----></li><!----><!----><!----><li id="product-28" tabindex="-1" data-product-id="222538" aria-label="Nature&#39;s Promise Organic Brown Eggs Large Free Range" class="tile product-cell product-grid-cell"><!----><!----><!----><div class="product-tile_content"><div><!----><div class="flag_outer-container"><!----><!----><!----></div></div><!----><div><img src="./Search Results _ Giant_files/ULPVE.jpg" alt="Nature&#39;s Promise Organic Brown Eggs Large Free Range" class="product-grid-image product-grid-cell_main-image"></div><div class="product-grid-cell_price-tag product-grid-cell_price-tag--full-tile"><div class="product-tile_detail"><div class="product-grid-cell_price-container"><span role="link" class="product-grid-cell_main-price"> $4.79 </span><!----></div></div><div class="product-tile_detail-title"><div data-v-7b5b6b2c="" role="link" tabindex="0" class="product-grid-cell_name"><h3 data-v-7b5b6b2c="" aria-label="Nature&#39;s Promise Organic Brown Eggs Large Free Range" class="product-grid-cell_name-text product-grid-cell_name-text--small"><span data-v-7b5b6b2c="" class="vector-icon_inline-text--left"><div data-v-7b5b6b2c="" class="vector-icon-size--xsmall"><svg xmlns="http://www.w3.org/2000/svg" aria-label="Ahold Icon" viewBox="0 0 1024 945" role="presentation" aria-hidden="true" focusable="false" class=""><title lang="en">Ahold Icon</title><desc></desc><g fill="" stroke=""><g data-v-7b5b6b2c=""><path data-v-7b5b6b2c="" d="M1.893 730.617c-1.289-2.094-2.052-4.631-2.052-7.346 0-0.747 0.058-1.481 0.169-2.197 0.158-12.396 10.227-22.466 22.687-22.634l895.306-0c12.476 0.168 22.545 10.237 22.713 22.698-0.521 3.721-1.182 6.924-2.024 10.053l0.131-0.574c-86.363 175.072-263.598 293.385-468.466 293.385s-382.103-118.313-467.105-290.339l-1.361-3.046z" fill="rgb(247, 168, 0)" class="path1"></path><path data-v-7b5b6b2c="" d="M107.889 132.495c1.893-1.893 1.893-3.786 3.786-5.678 2.98-3.491 7.385-5.69 12.303-5.69s9.323 2.199 12.284 5.668l0.019 0.022 476.983 476.983c3.491 2.98 5.69 7.385 5.69 12.303s-2.199 9.323-5.668 12.284c-1.399 1.869-3.361 3.216-5.631 3.789l-0.069 0.015c-38.446 13.732-82.796 21.669-129.001 21.669-108.416 0-206.626-43.699-277.977-114.443-70.367-71.826-113.809-170.317-113.809-278.955 0-45.803 7.722-89.803 21.936-130.767l-0.845 2.8z" fill="rgb(226, 35, 26)" class="path2"></path><path data-v-7b5b6b2c="" d="M600.015 1.893c1.247-1.204 2.948-1.946 4.822-1.946 0.302 0 0.6 0.019 0.891 0.057 0.057-0.006 0.164-0.007 0.272-0.007 7.15 0 12.947 5.796 12.947 12.947 0 0.108-0.001 0.215-0.004 0.322l0-0.016v503.482c0.002 0.091 0.004 0.199 0.004 0.306 0 7.15-5.796 12.947-12.947 12.947-0.108 0-0.215-0.001-0.322-0.004-0.241 0.034-0.539 0.053-0.841 0.053-1.874 0-3.574-0.742-4.824-1.948l0.002 0.002c-98.273-48.542-164.673-148.065-164.673-263.098s66.401-214.556 162.964-262.333l1.709-0.765z" fill="rgb(113, 33, 119)" class="path3"></path><path data-v-7b5b6b2c="" d="M938.824 283.919c1.893 0 1.893 1.893 3.786 1.893 1.765 2.012 2.841 4.666 2.841 7.571s-1.077 5.559-2.853 7.584l0.011-0.013-268.776 266.884c-2.012 1.765-4.666 2.841-7.571 2.841s-5.559-1.077-7.584-2.853c-1.144-0.651-1.911-1.879-1.911-3.285 0-0.172 0.012-0.342 0.034-0.508l-0.002 0.019c-7.681-21.529-12.12-46.363-12.12-72.235 0-61.263 24.891-116.712 65.111-156.786 39.326-39.792 93.895-64.431 154.219-64.431 26.857 0 52.573 4.884 76.309 13.812l-1.494-0.493z" fill="rgb(130, 188, 0)" class="path4"></path></g></g></svg></div></span> Nature's Promise Organic Brown Eggs Large Free Range </h3></div><div role="link" class="product-grid-cell_sizes"><span class="product-grid-cell_size"> 1 DOZ </span><span aria-hidden="true"> | </span><!----><span class="product-grid-cell_unit"> $4.79 / DOZ </span></div><!----></div><div class="product-grid-cell_promo-name"><!----><!----><!----><!----><!----></div><!----><div class="margin-top--one"><!----><div data-v-4e03913c="" class="pdl-add-to-cart"><div data-v-4e03913c="" class="pdl-add-to-cart_button"><button data-v-4e03913c="" aria-label="Add to Cart" data-product-id="222538" data-price="4.79" class="button button--add-to-cart"> Add to Cart <!----></button><!----></div><!----></div></div><!----></div></div><!----><!----><div class="product-tile_action-items"><!----><!----><div class="shopping-list-menu_container"><div><button aria-label="add to shopping list" class="button pdl-product-detail_top-icon button--fourth pdl-product-detail_top-icon--borderless"><!----><div class="vector-icon-size--large"><svg xmlns="http://www.w3.org/2000/svg" aria-label="Shopping List Icon Add" viewBox="0 0 32 32" role="presentation" aria-hidden="true" focusable="false" class="vector-icon-color--dark-grey"><title lang="en">Shopping List Icon Add</title><desc></desc><g fill="" stroke=""><path d="M21.94066,15.3368884 L21.94066,12.8931995 C21.94066,12.3409148 22.3883752,11.8931995 22.94066,11.8931995 C23.4929447,11.8931995 23.94066,12.3409148 23.94066,12.8931995 L23.94066,15.3368884 L26.2522624,15.3368884 C26.8045471,15.3368884 27.2522624,15.7846037 27.2522624,16.3368884 C27.2522624,16.8891732 26.8045471,17.3368884 26.2522624,17.3368884 L23.94066,17.3368884 L23.94066,19.8787952 C23.94066,20.43108 23.4929447,20.8787952 22.94066,20.8787952 C22.3883752,20.8787952 21.94066,20.43108 21.94066,19.8787952 L21.94066,17.3368884 L19.2666667,17.3368884 C18.7143819,17.3368884 18.2666667,16.8891732 18.2666667,16.3368884 C18.2666667,15.7846037 18.7143819,15.3368884 19.2666667,15.3368884 L21.94066,15.3368884 Z M8,12 C7.44771525,12 7,11.5522847 7,11 C7,10.4477153 7.44771525,10 8,10 L19.1153581,10 C19.6676429,10 20.1153581,10.4477153 20.1153581,11 C20.1153581,11.5522847 19.6676429,12 19.1153581,12 L8,12 Z M8,17.3368884 C7.44771525,17.3368884 7,16.8891732 7,16.3368884 C7,15.7846037 7.44771525,15.3368884 8,15.3368884 L14.7200696,15.3368884 C15.2723543,15.3368884 15.7200696,15.7846037 15.7200696,16.3368884 C15.7200696,16.8891732 15.2723543,17.3368884 14.7200696,17.3368884 L8,17.3368884 Z M8,23 C7.44771525,23 7,22.5522847 7,22 C7,21.4477153 7.44771525,21 8,21 L19.1153581,21 C19.6676429,21 20.1153581,21.4477153 20.1153581,22 C20.1153581,22.5522847 19.6676429,23 19.1153581,23 L8,23 Z" fill="#000000" fill-rule="nonzero"></path></g></svg></div><div class="pdl-product-detail_list-tooltip"><p>Add item to shopping list</p><i></i></div></button><!----></div></div></div><!----></li><!----><!----><!----><li id="product-29" tabindex="-1" data-product-id="222629" aria-label="Vital Farms Eggs Grade A Large Pasture-Raised" class="tile product-cell product-grid-cell"><!----><!----><!----><div class="product-tile_content"><div><!----><div class="flag_outer-container"><!----><!----><!----></div></div><!----><div><img src="./Search Results _ Giant_files/FEJ76.png" alt="Vital Farms Eggs Grade A Large Pasture-Raised" class="product-grid-image product-grid-cell_main-image"></div><div class="product-grid-cell_price-tag product-grid-cell_price-tag--full-tile"><div class="product-tile_detail"><div class="product-grid-cell_price-container"><span role="link" class="product-grid-cell_main-price"> $5.99 </span><!----></div></div><div class="product-tile_detail-title"><div data-v-7b5b6b2c="" role="link" tabindex="0" class="product-grid-cell_name"><h3 data-v-7b5b6b2c="" aria-label="Vital Farms Eggs Grade A Large Pasture-Raised" class="product-grid-cell_name-text product-grid-cell_name-text--small"><!----> Vital Farms Eggs Grade A Large Pasture-Raised </h3></div><div role="link" class="product-grid-cell_sizes"><span class="product-grid-cell_size"> 1 DOZ </span><span aria-hidden="true"> | </span><!----><span class="product-grid-cell_unit"> $5.99 / DOZ </span></div><!----></div><div class="product-grid-cell_promo-name"><!----><!----><!----><!----><!----></div><!----><div class="margin-top--one"><div class="pdl-add-to-cart"><button class="button button--disabled out-of-stock_text"> Out of Stock </button><!----></div><!----></div><!----></div></div><!----><!----><div class="product-tile_action-items"><!----><!----><div class="shopping-list-menu_container"><div><button aria-label="add to shopping list" class="button pdl-product-detail_top-icon button--fourth pdl-product-detail_top-icon--borderless"><!----><div class="vector-icon-size--large"><svg xmlns="http://www.w3.org/2000/svg" aria-label="Shopping List Icon Add" viewBox="0 0 32 32" role="presentation" aria-hidden="true" focusable="false" class="vector-icon-color--dark-grey"><title lang="en">Shopping List Icon Add</title><desc></desc><g fill="" stroke=""><path d="M21.94066,15.3368884 L21.94066,12.8931995 C21.94066,12.3409148 22.3883752,11.8931995 22.94066,11.8931995 C23.4929447,11.8931995 23.94066,12.3409148 23.94066,12.8931995 L23.94066,15.3368884 L26.2522624,15.3368884 C26.8045471,15.3368884 27.2522624,15.7846037 27.2522624,16.3368884 C27.2522624,16.8891732 26.8045471,17.3368884 26.2522624,17.3368884 L23.94066,17.3368884 L23.94066,19.8787952 C23.94066,20.43108 23.4929447,20.8787952 22.94066,20.8787952 C22.3883752,20.8787952 21.94066,20.43108 21.94066,19.8787952 L21.94066,17.3368884 L19.2666667,17.3368884 C18.7143819,17.3368884 18.2666667,16.8891732 18.2666667,16.3368884 C18.2666667,15.7846037 18.7143819,15.3368884 19.2666667,15.3368884 L21.94066,15.3368884 Z M8,12 C7.44771525,12 7,11.5522847 7,11 C7,10.4477153 7.44771525,10 8,10 L19.1153581,10 C19.6676429,10 20.1153581,10.4477153 20.1153581,11 C20.1153581,11.5522847 19.6676429,12 19.1153581,12 L8,12 Z M8,17.3368884 C7.44771525,17.3368884 7,16.8891732 7,16.3368884 C7,15.7846037 7.44771525,15.3368884 8,15.3368884 L14.7200696,15.3368884 C15.2723543,15.3368884 15.7200696,15.7846037 15.7200696,16.3368884 C15.7200696,16.8891732 15.2723543,17.3368884 14.7200696,17.3368884 L8,17.3368884 Z M8,23 C7.44771525,23 7,22.5522847 7,22 C7,21.4477153 7.44771525,21 8,21 L19.1153581,21 C19.6676429,21 20.1153581,21.4477153 20.1153581,22 C20.1153581,22.5522847 19.6676429,23 19.1153581,23 L8,23 Z" fill="#000000" fill-rule="nonzero"></path></g></svg></div><div class="pdl-product-detail_list-tooltip"><p>Add item to shopping list</p><i></i></div></button><!----></div></div></div><!----></li><!----><!----><!----><li id="product-30" tabindex="-1" data-product-id="225719" aria-label="Pete and Gerry&#39;s Extra Large Brown Eggs Free Range Organic" class="tile product-cell product-grid-cell"><!----><!----><!----><div class="product-tile_content"><div><!----><div class="flag_outer-container"><!----><!----><!----></div></div><!----><div><img src="./Search Results _ Giant_files/YSUOL.png" alt="Pete and Gerry&#39;s Extra Large Brown Eggs Free Range Organic" class="product-grid-image product-grid-cell_main-image"></div><div class="product-grid-cell_price-tag product-grid-cell_price-tag--full-tile"><div class="product-tile_detail"><div class="product-grid-cell_price-container"><span role="link" class="product-grid-cell_main-price"> $5.99 </span><!----></div></div><div class="product-tile_detail-title"><div data-v-7b5b6b2c="" role="link" tabindex="0" class="product-grid-cell_name"><h3 data-v-7b5b6b2c="" aria-label="Pete and Gerry&#39;s Extra Large Brown Eggs Free Range Organic" class="product-grid-cell_name-text product-grid-cell_name-text--small"><!----> Pete and Gerry's Extra Large Brown Eggs Free Range Organic </h3></div><div role="link" class="product-grid-cell_sizes"><span class="product-grid-cell_size"> 1 DOZ </span><span aria-hidden="true"> | </span><!----><span class="product-grid-cell_unit"> $5.99 / DOZ </span></div><!----></div><div class="product-grid-cell_promo-name"><!----><!----><!----><!----><!----></div><!----><div class="margin-top--one"><div class="pdl-add-to-cart"><button class="button button--disabled out-of-stock_text"> Out of Stock </button><!----></div><!----></div><!----></div></div><!----><!----><div class="product-tile_action-items"><!----><!----><div class="shopping-list-menu_container"><div><button aria-label="add to shopping list" class="button pdl-product-detail_top-icon button--fourth pdl-product-detail_top-icon--borderless"><!----><div class="vector-icon-size--large"><svg xmlns="http://www.w3.org/2000/svg" aria-label="Shopping List Icon Add" viewBox="0 0 32 32" role="presentation" aria-hidden="true" focusable="false" class="vector-icon-color--dark-grey"><title lang="en">Shopping List Icon Add</title><desc></desc><g fill="" stroke=""><path d="M21.94066,15.3368884 L21.94066,12.8931995 C21.94066,12.3409148 22.3883752,11.8931995 22.94066,11.8931995 C23.4929447,11.8931995 23.94066,12.3409148 23.94066,12.8931995 L23.94066,15.3368884 L26.2522624,15.3368884 C26.8045471,15.3368884 27.2522624,15.7846037 27.2522624,16.3368884 C27.2522624,16.8891732 26.8045471,17.3368884 26.2522624,17.3368884 L23.94066,17.3368884 L23.94066,19.8787952 C23.94066,20.43108 23.4929447,20.8787952 22.94066,20.8787952 C22.3883752,20.8787952 21.94066,20.43108 21.94066,19.8787952 L21.94066,17.3368884 L19.2666667,17.3368884 C18.7143819,17.3368884 18.2666667,16.8891732 18.2666667,16.3368884 C18.2666667,15.7846037 18.7143819,15.3368884 19.2666667,15.3368884 L21.94066,15.3368884 Z M8,12 C7.44771525,12 7,11.5522847 7,11 C7,10.4477153 7.44771525,10 8,10 L19.1153581,10 C19.6676429,10 20.1153581,10.4477153 20.1153581,11 C20.1153581,11.5522847 19.6676429,12 19.1153581,12 L8,12 Z M8,17.3368884 C7.44771525,17.3368884 7,16.8891732 7,16.3368884 C7,15.7846037 7.44771525,15.3368884 8,15.3368884 L14.7200696,15.3368884 C15.2723543,15.3368884 15.7200696,15.7846037 15.7200696,16.3368884 C15.7200696,16.8891732 15.2723543,17.3368884 14.7200696,17.3368884 L8,17.3368884 Z M8,23 C7.44771525,23 7,22.5522847 7,22 C7,21.4477153 7.44771525,21 8,21 L19.1153581,21 C19.6676429,21 20.1153581,21.4477153 20.1153581,22 C20.1153581,22.5522847 19.6676429,23 19.1153581,23 L8,23 Z" fill="#000000" fill-rule="nonzero"></path></g></svg></div><div class="pdl-product-detail_list-tooltip"><p>Add item to shopping list</p><i></i></div></button><!----></div></div></div><!----></li><!----><!----><!----><li id="product-31" tabindex="-1" data-product-id="245801" aria-label="The Farmer&#39;s Hen Organic Eggs Grade A Large" class="tile product-cell product-grid-cell"><!----><!----><!----><div class="product-tile_content"><div><!----><div class="flag_outer-container"><span class="flag_label flag_label--tomato"> Sale </span><!----><!----></div></div><!----><div><img src="./Search Results _ Giant_files/DDHY5.jpg" alt="The Farmer&#39;s Hen Organic Eggs Grade A Large" class="product-grid-image product-grid-cell_main-image"></div><div class="product-grid-cell_price-tag product-grid-cell_price-tag--full-tile"><div class="product-tile_detail"><div class="product-grid-cell_price-container product-grid-cell_price-container_column"><span role="link" class="product-grid-cell_main-price product-grid-cell_main-price--on-sale"> $4.49 </span><div class="product-grid-cell_was-container"><span class="product-grid-cell_regular-price product-grid-cell_regular-price--small"> $4.99 </span></div></div></div><div class="product-tile_detail-title"><div data-v-7b5b6b2c="" role="link" tabindex="0" class="product-grid-cell_name"><h3 data-v-7b5b6b2c="" aria-label="The Farmer&#39;s Hen Organic Eggs Grade A Large" class="product-grid-cell_name-text product-grid-cell_name-text--small"><!----> The Farmer's Hen Organic Eggs Grade A Large </h3></div><div role="link" class="product-grid-cell_sizes"><span class="product-grid-cell_size"> 1 DOZ </span><span aria-hidden="true"> | </span><!----><span class="product-grid-cell_unit"> $4.49 / DOZ </span></div><!----></div><div class="product-grid-cell_promo-name"><!----><!----><!----><!----><!----></div><!----><div class="margin-top--one"><!----><div data-v-4e03913c="" class="pdl-add-to-cart"><div data-v-4e03913c="" class="pdl-add-to-cart_button"><button data-v-4e03913c="" aria-label="Add to Cart" data-product-id="245801" data-price="4.49" class="button button--add-to-cart"> Add to Cart <!----></button><!----></div><!----></div></div><!----></div></div><!----><!----><div class="product-tile_action-items"><!----><!----><div class="shopping-list-menu_container"><div><button aria-label="add to shopping list" class="button pdl-product-detail_top-icon button--fourth pdl-product-detail_top-icon--borderless"><!----><div class="vector-icon-size--large"><svg xmlns="http://www.w3.org/2000/svg" aria-label="Shopping List Icon Add" viewBox="0 0 32 32" role="presentation" aria-hidden="true" focusable="false" class="vector-icon-color--dark-grey"><title lang="en">Shopping List Icon Add</title><desc></desc><g fill="" stroke=""><path d="M21.94066,15.3368884 L21.94066,12.8931995 C21.94066,12.3409148 22.3883752,11.8931995 22.94066,11.8931995 C23.4929447,11.8931995 23.94066,12.3409148 23.94066,12.8931995 L23.94066,15.3368884 L26.2522624,15.3368884 C26.8045471,15.3368884 27.2522624,15.7846037 27.2522624,16.3368884 C27.2522624,16.8891732 26.8045471,17.3368884 26.2522624,17.3368884 L23.94066,17.3368884 L23.94066,19.8787952 C23.94066,20.43108 23.4929447,20.8787952 22.94066,20.8787952 C22.3883752,20.8787952 21.94066,20.43108 21.94066,19.8787952 L21.94066,17.3368884 L19.2666667,17.3368884 C18.7143819,17.3368884 18.2666667,16.8891732 18.2666667,16.3368884 C18.2666667,15.7846037 18.7143819,15.3368884 19.2666667,15.3368884 L21.94066,15.3368884 Z M8,12 C7.44771525,12 7,11.5522847 7,11 C7,10.4477153 7.44771525,10 8,10 L19.1153581,10 C19.6676429,10 20.1153581,10.4477153 20.1153581,11 C20.1153581,11.5522847 19.6676429,12 19.1153581,12 L8,12 Z M8,17.3368884 C7.44771525,17.3368884 7,16.8891732 7,16.3368884 C7,15.7846037 7.44771525,15.3368884 8,15.3368884 L14.7200696,15.3368884 C15.2723543,15.3368884 15.7200696,15.7846037 15.7200696,16.3368884 C15.7200696,16.8891732 15.2723543,17.3368884 14.7200696,17.3368884 L8,17.3368884 Z M8,23 C7.44771525,23 7,22.5522847 7,22 C7,21.4477153 7.44771525,21 8,21 L19.1153581,21 C19.6676429,21 20.1153581,21.4477153 20.1153581,22 C20.1153581,22.5522847 19.6676429,23 19.1153581,23 L8,23 Z" fill="#000000" fill-rule="nonzero"></path></g></svg></div><div class="pdl-product-detail_list-tooltip"><p>Add item to shopping list</p><i></i></div></button><!----></div></div></div><!----></li><!----><!----><!----><li id="product-32" tabindex="-1" data-product-id="273541" aria-label="Nature&#39;s Yoke Brown Eggs Large Organic" class="tile product-cell product-grid-cell"><!----><!----><!----><div class="product-tile_content"><div><!----><div class="flag_outer-container"><!----><!----><!----></div></div><!----><div><img src="./Search Results _ Giant_files/RTUIH.jpg" alt="Nature&#39;s Yoke Brown Eggs Large Organic" class="product-grid-image product-grid-cell_main-image"></div><div class="product-grid-cell_price-tag product-grid-cell_price-tag--full-tile"><div class="product-tile_detail"><div class="product-grid-cell_price-container"><span role="link" class="product-grid-cell_main-price"> $6.39 </span><!----></div></div><div class="product-tile_detail-title"><div data-v-7b5b6b2c="" role="link" tabindex="0" class="product-grid-cell_name"><h3 data-v-7b5b6b2c="" aria-label="Nature&#39;s Yoke Brown Eggs Large Organic" class="product-grid-cell_name-text product-grid-cell_name-text--small"><!----> Nature's Yoke Brown Eggs Large Organic </h3></div><div role="link" class="product-grid-cell_sizes"><span class="product-grid-cell_size"> 1 DOZ </span><span aria-hidden="true"> | </span><!----><span class="product-grid-cell_unit"> $6.39 / DOZ </span></div><!----></div><div class="product-grid-cell_promo-name"><!----><!----><!----><!----><!----></div><!----><div class="margin-top--one"><!----><div data-v-4e03913c="" class="pdl-add-to-cart"><div data-v-4e03913c="" class="pdl-add-to-cart_button"><button data-v-4e03913c="" aria-label="Add to Cart" data-product-id="273541" data-price="6.39" class="button button--add-to-cart"> Add to Cart <!----></button><!----></div><!----></div></div><!----></div></div><!----><!----><div class="product-tile_action-items"><!----><!----><div class="shopping-list-menu_container"><div><button aria-label="add to shopping list" class="button pdl-product-detail_top-icon button--fourth pdl-product-detail_top-icon--borderless"><!----><div class="vector-icon-size--large"><svg xmlns="http://www.w3.org/2000/svg" aria-label="Shopping List Icon Add" viewBox="0 0 32 32" role="presentation" aria-hidden="true" focusable="false" class="vector-icon-color--dark-grey"><title lang="en">Shopping List Icon Add</title><desc></desc><g fill="" stroke=""><path d="M21.94066,15.3368884 L21.94066,12.8931995 C21.94066,12.3409148 22.3883752,11.8931995 22.94066,11.8931995 C23.4929447,11.8931995 23.94066,12.3409148 23.94066,12.8931995 L23.94066,15.3368884 L26.2522624,15.3368884 C26.8045471,15.3368884 27.2522624,15.7846037 27.2522624,16.3368884 C27.2522624,16.8891732 26.8045471,17.3368884 26.2522624,17.3368884 L23.94066,17.3368884 L23.94066,19.8787952 C23.94066,20.43108 23.4929447,20.8787952 22.94066,20.8787952 C22.3883752,20.8787952 21.94066,20.43108 21.94066,19.8787952 L21.94066,17.3368884 L19.2666667,17.3368884 C18.7143819,17.3368884 18.2666667,16.8891732 18.2666667,16.3368884 C18.2666667,15.7846037 18.7143819,15.3368884 19.2666667,15.3368884 L21.94066,15.3368884 Z M8,12 C7.44771525,12 7,11.5522847 7,11 C7,10.4477153 7.44771525,10 8,10 L19.1153581,10 C19.6676429,10 20.1153581,10.4477153 20.1153581,11 C20.1153581,11.5522847 19.6676429,12 19.1153581,12 L8,12 Z M8,17.3368884 C7.44771525,17.3368884 7,16.8891732 7,16.3368884 C7,15.7846037 7.44771525,15.3368884 8,15.3368884 L14.7200696,15.3368884 C15.2723543,15.3368884 15.7200696,15.7846037 15.7200696,16.3368884 C15.7200696,16.8891732 15.2723543,17.3368884 14.7200696,17.3368884 L8,17.3368884 Z M8,23 C7.44771525,23 7,22.5522847 7,22 C7,21.4477153 7.44771525,21 8,21 L19.1153581,21 C19.6676429,21 20.1153581,21.4477153 20.1153581,22 C20.1153581,22.5522847 19.6676429,23 19.1153581,23 L8,23 Z" fill="#000000" fill-rule="nonzero"></path></g></svg></div><div class="pdl-product-detail_list-tooltip"><p>Add item to shopping list</p><i></i></div></button><!----></div></div></div><!----></li><!----><!----><!----><li id="product-33" tabindex="-1" data-product-id="57869" aria-label="Giant Brown Eggs Grade A Large" class="tile product-cell product-grid-cell"><!----><!----><!----><div class="product-tile_content"><div><!----><div class="flag_outer-container"><!----><!----><!----></div></div><!----><div><img src="./Search Results _ Giant_files/I3U25.jpg" alt="Giant Brown Eggs Grade A Large" class="product-grid-image product-grid-cell_main-image"></div><div class="product-grid-cell_price-tag product-grid-cell_price-tag--full-tile"><div class="product-tile_detail"><div class="product-grid-cell_price-container"><span role="link" class="product-grid-cell_main-price"> $3.19 </span><!----></div></div><div class="product-tile_detail-title"><div data-v-7b5b6b2c="" role="link" tabindex="0" class="product-grid-cell_name"><h3 data-v-7b5b6b2c="" aria-label="Giant Brown Eggs Grade A Large" class="product-grid-cell_name-text product-grid-cell_name-text--small"><span data-v-7b5b6b2c="" class="vector-icon_inline-text--left"><div data-v-7b5b6b2c="" class="vector-icon-size--xsmall"><svg xmlns="http://www.w3.org/2000/svg" aria-label="Ahold Icon" viewBox="0 0 1024 945" role="presentation" aria-hidden="true" focusable="false" class=""><title lang="en">Ahold Icon</title><desc></desc><g fill="" stroke=""><g data-v-7b5b6b2c=""><path data-v-7b5b6b2c="" d="M1.893 730.617c-1.289-2.094-2.052-4.631-2.052-7.346 0-0.747 0.058-1.481 0.169-2.197 0.158-12.396 10.227-22.466 22.687-22.634l895.306-0c12.476 0.168 22.545 10.237 22.713 22.698-0.521 3.721-1.182 6.924-2.024 10.053l0.131-0.574c-86.363 175.072-263.598 293.385-468.466 293.385s-382.103-118.313-467.105-290.339l-1.361-3.046z" fill="rgb(247, 168, 0)" class="path1"></path><path data-v-7b5b6b2c="" d="M107.889 132.495c1.893-1.893 1.893-3.786 3.786-5.678 2.98-3.491 7.385-5.69 12.303-5.69s9.323 2.199 12.284 5.668l0.019 0.022 476.983 476.983c3.491 2.98 5.69 7.385 5.69 12.303s-2.199 9.323-5.668 12.284c-1.399 1.869-3.361 3.216-5.631 3.789l-0.069 0.015c-38.446 13.732-82.796 21.669-129.001 21.669-108.416 0-206.626-43.699-277.977-114.443-70.367-71.826-113.809-170.317-113.809-278.955 0-45.803 7.722-89.803 21.936-130.767l-0.845 2.8z" fill="rgb(226, 35, 26)" class="path2"></path><path data-v-7b5b6b2c="" d="M600.015 1.893c1.247-1.204 2.948-1.946 4.822-1.946 0.302 0 0.6 0.019 0.891 0.057 0.057-0.006 0.164-0.007 0.272-0.007 7.15 0 12.947 5.796 12.947 12.947 0 0.108-0.001 0.215-0.004 0.322l0-0.016v503.482c0.002 0.091 0.004 0.199 0.004 0.306 0 7.15-5.796 12.947-12.947 12.947-0.108 0-0.215-0.001-0.322-0.004-0.241 0.034-0.539 0.053-0.841 0.053-1.874 0-3.574-0.742-4.824-1.948l0.002 0.002c-98.273-48.542-164.673-148.065-164.673-263.098s66.401-214.556 162.964-262.333l1.709-0.765z" fill="rgb(113, 33, 119)" class="path3"></path><path data-v-7b5b6b2c="" d="M938.824 283.919c1.893 0 1.893 1.893 3.786 1.893 1.765 2.012 2.841 4.666 2.841 7.571s-1.077 5.559-2.853 7.584l0.011-0.013-268.776 266.884c-2.012 1.765-4.666 2.841-7.571 2.841s-5.559-1.077-7.584-2.853c-1.144-0.651-1.911-1.879-1.911-3.285 0-0.172 0.012-0.342 0.034-0.508l-0.002 0.019c-7.681-21.529-12.12-46.363-12.12-72.235 0-61.263 24.891-116.712 65.111-156.786 39.326-39.792 93.895-64.431 154.219-64.431 26.857 0 52.573 4.884 76.309 13.812l-1.494-0.493z" fill="rgb(130, 188, 0)" class="path4"></path></g></g></svg></div></span> Giant Brown Eggs Grade A Large </h3></div><div role="link" class="product-grid-cell_sizes"><span class="product-grid-cell_size"> 1 DOZ </span><span aria-hidden="true"> | </span><!----><span class="product-grid-cell_unit"> $3.19 / DOZ </span></div><!----></div><div class="product-grid-cell_promo-name"><!----><!----><!----><!----><!----></div><!----><div class="margin-top--one"><!----><div data-v-4e03913c="" class="pdl-add-to-cart"><div data-v-4e03913c="" class="pdl-add-to-cart_button"><button data-v-4e03913c="" aria-label="Add to Cart" data-product-id="57869" data-price="3.19" class="button button--add-to-cart"> Add to Cart <!----></button><!----></div><!----></div></div><!----></div></div><!----><!----><div class="product-tile_action-items"><!----><!----><div class="shopping-list-menu_container"><div><button aria-label="add to shopping list" class="button pdl-product-detail_top-icon button--fourth pdl-product-detail_top-icon--borderless"><!----><div class="vector-icon-size--large"><svg xmlns="http://www.w3.org/2000/svg" aria-label="Shopping List Icon Add" viewBox="0 0 32 32" role="presentation" aria-hidden="true" focusable="false" class="vector-icon-color--dark-grey"><title lang="en">Shopping List Icon Add</title><desc></desc><g fill="" stroke=""><path d="M21.94066,15.3368884 L21.94066,12.8931995 C21.94066,12.3409148 22.3883752,11.8931995 22.94066,11.8931995 C23.4929447,11.8931995 23.94066,12.3409148 23.94066,12.8931995 L23.94066,15.3368884 L26.2522624,15.3368884 C26.8045471,15.3368884 27.2522624,15.7846037 27.2522624,16.3368884 C27.2522624,16.8891732 26.8045471,17.3368884 26.2522624,17.3368884 L23.94066,17.3368884 L23.94066,19.8787952 C23.94066,20.43108 23.4929447,20.8787952 22.94066,20.8787952 C22.3883752,20.8787952 21.94066,20.43108 21.94066,19.8787952 L21.94066,17.3368884 L19.2666667,17.3368884 C18.7143819,17.3368884 18.2666667,16.8891732 18.2666667,16.3368884 C18.2666667,15.7846037 18.7143819,15.3368884 19.2666667,15.3368884 L21.94066,15.3368884 Z M8,12 C7.44771525,12 7,11.5522847 7,11 C7,10.4477153 7.44771525,10 8,10 L19.1153581,10 C19.6676429,10 20.1153581,10.4477153 20.1153581,11 C20.1153581,11.5522847 19.6676429,12 19.1153581,12 L8,12 Z M8,17.3368884 C7.44771525,17.3368884 7,16.8891732 7,16.3368884 C7,15.7846037 7.44771525,15.3368884 8,15.3368884 L14.7200696,15.3368884 C15.2723543,15.3368884 15.7200696,15.7846037 15.7200696,16.3368884 C15.7200696,16.8891732 15.2723543,17.3368884 14.7200696,17.3368884 L8,17.3368884 Z M8,23 C7.44771525,23 7,22.5522847 7,22 C7,21.4477153 7.44771525,21 8,21 L19.1153581,21 C19.6676429,21 20.1153581,21.4477153 20.1153581,22 C20.1153581,22.5522847 19.6676429,23 19.1153581,23 L8,23 Z" fill="#000000" fill-rule="nonzero"></path></g></svg></div><div class="pdl-product-detail_list-tooltip"><p>Add item to shopping list</p><i></i></div></button><!----></div></div></div><!----></li><!----><!----><!----><li id="product-34" tabindex="-1" data-product-id="57872" aria-label="Giant White Eggs Grade A Large" class="tile product-cell product-grid-cell"><!----><!----><!----><div class="product-tile_content"><div><!----><div class="flag_outer-container"><!----><!----><!----></div></div><!----><div><img src="./Search Results _ Giant_files/HXNB7.jpg" alt="Giant White Eggs Grade A Large" class="product-grid-image product-grid-cell_main-image"></div><div class="product-grid-cell_price-tag product-grid-cell_price-tag--full-tile"><div class="product-tile_detail"><div class="product-grid-cell_price-container"><span role="link" class="product-grid-cell_main-price"> $1.69 </span><!----></div></div><div class="product-tile_detail-title"><div data-v-7b5b6b2c="" role="link" tabindex="0" class="product-grid-cell_name"><h3 data-v-7b5b6b2c="" aria-label="Giant White Eggs Grade A Large" class="product-grid-cell_name-text product-grid-cell_name-text--small"><span data-v-7b5b6b2c="" class="vector-icon_inline-text--left"><div data-v-7b5b6b2c="" class="vector-icon-size--xsmall"><svg xmlns="http://www.w3.org/2000/svg" aria-label="Ahold Icon" viewBox="0 0 1024 945" role="presentation" aria-hidden="true" focusable="false" class=""><title lang="en">Ahold Icon</title><desc></desc><g fill="" stroke=""><g data-v-7b5b6b2c=""><path data-v-7b5b6b2c="" d="M1.893 730.617c-1.289-2.094-2.052-4.631-2.052-7.346 0-0.747 0.058-1.481 0.169-2.197 0.158-12.396 10.227-22.466 22.687-22.634l895.306-0c12.476 0.168 22.545 10.237 22.713 22.698-0.521 3.721-1.182 6.924-2.024 10.053l0.131-0.574c-86.363 175.072-263.598 293.385-468.466 293.385s-382.103-118.313-467.105-290.339l-1.361-3.046z" fill="rgb(247, 168, 0)" class="path1"></path><path data-v-7b5b6b2c="" d="M107.889 132.495c1.893-1.893 1.893-3.786 3.786-5.678 2.98-3.491 7.385-5.69 12.303-5.69s9.323 2.199 12.284 5.668l0.019 0.022 476.983 476.983c3.491 2.98 5.69 7.385 5.69 12.303s-2.199 9.323-5.668 12.284c-1.399 1.869-3.361 3.216-5.631 3.789l-0.069 0.015c-38.446 13.732-82.796 21.669-129.001 21.669-108.416 0-206.626-43.699-277.977-114.443-70.367-71.826-113.809-170.317-113.809-278.955 0-45.803 7.722-89.803 21.936-130.767l-0.845 2.8z" fill="rgb(226, 35, 26)" class="path2"></path><path data-v-7b5b6b2c="" d="M600.015 1.893c1.247-1.204 2.948-1.946 4.822-1.946 0.302 0 0.6 0.019 0.891 0.057 0.057-0.006 0.164-0.007 0.272-0.007 7.15 0 12.947 5.796 12.947 12.947 0 0.108-0.001 0.215-0.004 0.322l0-0.016v503.482c0.002 0.091 0.004 0.199 0.004 0.306 0 7.15-5.796 12.947-12.947 12.947-0.108 0-0.215-0.001-0.322-0.004-0.241 0.034-0.539 0.053-0.841 0.053-1.874 0-3.574-0.742-4.824-1.948l0.002 0.002c-98.273-48.542-164.673-148.065-164.673-263.098s66.401-214.556 162.964-262.333l1.709-0.765z" fill="rgb(113, 33, 119)" class="path3"></path><path data-v-7b5b6b2c="" d="M938.824 283.919c1.893 0 1.893 1.893 3.786 1.893 1.765 2.012 2.841 4.666 2.841 7.571s-1.077 5.559-2.853 7.584l0.011-0.013-268.776 266.884c-2.012 1.765-4.666 2.841-7.571 2.841s-5.559-1.077-7.584-2.853c-1.144-0.651-1.911-1.879-1.911-3.285 0-0.172 0.012-0.342 0.034-0.508l-0.002 0.019c-7.681-21.529-12.12-46.363-12.12-72.235 0-61.263 24.891-116.712 65.111-156.786 39.326-39.792 93.895-64.431 154.219-64.431 26.857 0 52.573 4.884 76.309 13.812l-1.494-0.493z" fill="rgb(130, 188, 0)" class="path4"></path></g></g></svg></div></span> Giant White Eggs Grade A Large </h3></div><div role="link" class="product-grid-cell_sizes"><span class="product-grid-cell_size"> 1 DOZ </span><span aria-hidden="true"> | </span><!----><span class="product-grid-cell_unit"> $1.69 / DOZ </span></div><!----></div><div class="product-grid-cell_promo-name"><!----><div tabindex="0" role="link" aria-label="Open coupon details" class="product-tile_coupon-offer product-tile_coupon-offer-eci"><div class="product-tile_coupon-offer-display"><!----><!----><div class="product-tile_coupon-offer-name flex-center product-tile_coupon-offer-name--full-tile"><span><!----></span> Buy All 5, Save $5 </div></div><!----><div class="product-tile_coupon-offer-loading-coupon"><!----></div></div><!----><!----><!----></div><!----><div class="margin-top--one"><!----><div data-v-4e03913c="" class="pdl-add-to-cart"><div data-v-4e03913c="" class="pdl-add-to-cart_button"><button data-v-4e03913c="" aria-label="Add to Cart" data-product-id="57872" data-price="1.69" class="button button--add-to-cart"> Add to Cart <!----></button><!----></div><!----></div></div><!----></div></div><!----><!----><div class="product-tile_action-items"><!----><!----><div class="shopping-list-menu_container"><div><button aria-label="add to shopping list" class="button pdl-product-detail_top-icon button--fourth pdl-product-detail_top-icon--borderless"><!----><div class="vector-icon-size--large"><svg xmlns="http://www.w3.org/2000/svg" aria-label="Shopping List Icon Add" viewBox="0 0 32 32" role="presentation" aria-hidden="true" focusable="false" class="vector-icon-color--dark-grey"><title lang="en">Shopping List Icon Add</title><desc></desc><g fill="" stroke=""><path d="M21.94066,15.3368884 L21.94066,12.8931995 C21.94066,12.3409148 22.3883752,11.8931995 22.94066,11.8931995 C23.4929447,11.8931995 23.94066,12.3409148 23.94066,12.8931995 L23.94066,15.3368884 L26.2522624,15.3368884 C26.8045471,15.3368884 27.2522624,15.7846037 27.2522624,16.3368884 C27.2522624,16.8891732 26.8045471,17.3368884 26.2522624,17.3368884 L23.94066,17.3368884 L23.94066,19.8787952 C23.94066,20.43108 23.4929447,20.8787952 22.94066,20.8787952 C22.3883752,20.8787952 21.94066,20.43108 21.94066,19.8787952 L21.94066,17.3368884 L19.2666667,17.3368884 C18.7143819,17.3368884 18.2666667,16.8891732 18.2666667,16.3368884 C18.2666667,15.7846037 18.7143819,15.3368884 19.2666667,15.3368884 L21.94066,15.3368884 Z M8,12 C7.44771525,12 7,11.5522847 7,11 C7,10.4477153 7.44771525,10 8,10 L19.1153581,10 C19.6676429,10 20.1153581,10.4477153 20.1153581,11 C20.1153581,11.5522847 19.6676429,12 19.1153581,12 L8,12 Z M8,17.3368884 C7.44771525,17.3368884 7,16.8891732 7,16.3368884 C7,15.7846037 7.44771525,15.3368884 8,15.3368884 L14.7200696,15.3368884 C15.2723543,15.3368884 15.7200696,15.7846037 15.7200696,16.3368884 C15.7200696,16.8891732 15.2723543,17.3368884 14.7200696,17.3368884 L8,17.3368884 Z M8,23 C7.44771525,23 7,22.5522847 7,22 C7,21.4477153 7.44771525,21 8,21 L19.1153581,21 C19.6676429,21 20.1153581,21.4477153 20.1153581,22 C20.1153581,22.5522847 19.6676429,23 19.1153581,23 L8,23 Z" fill="#000000" fill-rule="nonzero"></path></g></svg></div><div class="pdl-product-detail_list-tooltip"><p>Add item to shopping list</p><i></i></div></button><!----></div></div></div><!----></li><!----><!----><!----><li id="product-35" tabindex="-1" data-product-id="159239" aria-label="Giant 100% Egg Whites Liquid Cholesterol Free Fat Free" class="tile product-cell product-grid-cell"><!----><!----><!----><div class="product-tile_content"><div><!----><div class="flag_outer-container"><!----><!----><!----></div></div><!----><div><img src="./Search Results _ Giant_files/3HMUJ.png" alt="Giant 100% Egg Whites Liquid Cholesterol Free Fat Free" class="product-grid-image product-grid-cell_main-image"></div><div class="product-grid-cell_price-tag product-grid-cell_price-tag--full-tile"><div class="product-tile_detail"><div class="product-grid-cell_price-container"><span role="link" class="product-grid-cell_main-price"> $2.69 </span><!----></div></div><div class="product-tile_detail-title"><div data-v-7b5b6b2c="" role="link" tabindex="0" class="product-grid-cell_name"><h3 data-v-7b5b6b2c="" aria-label="Giant 100% Egg Whites Liquid Cholesterol Free Fat Free" class="product-grid-cell_name-text product-grid-cell_name-text--small"><span data-v-7b5b6b2c="" class="vector-icon_inline-text--left"><div data-v-7b5b6b2c="" class="vector-icon-size--xsmall"><svg xmlns="http://www.w3.org/2000/svg" aria-label="Ahold Icon" viewBox="0 0 1024 945" role="presentation" aria-hidden="true" focusable="false" class=""><title lang="en">Ahold Icon</title><desc></desc><g fill="" stroke=""><g data-v-7b5b6b2c=""><path data-v-7b5b6b2c="" d="M1.893 730.617c-1.289-2.094-2.052-4.631-2.052-7.346 0-0.747 0.058-1.481 0.169-2.197 0.158-12.396 10.227-22.466 22.687-22.634l895.306-0c12.476 0.168 22.545 10.237 22.713 22.698-0.521 3.721-1.182 6.924-2.024 10.053l0.131-0.574c-86.363 175.072-263.598 293.385-468.466 293.385s-382.103-118.313-467.105-290.339l-1.361-3.046z" fill="rgb(247, 168, 0)" class="path1"></path><path data-v-7b5b6b2c="" d="M107.889 132.495c1.893-1.893 1.893-3.786 3.786-5.678 2.98-3.491 7.385-5.69 12.303-5.69s9.323 2.199 12.284 5.668l0.019 0.022 476.983 476.983c3.491 2.98 5.69 7.385 5.69 12.303s-2.199 9.323-5.668 12.284c-1.399 1.869-3.361 3.216-5.631 3.789l-0.069 0.015c-38.446 13.732-82.796 21.669-129.001 21.669-108.416 0-206.626-43.699-277.977-114.443-70.367-71.826-113.809-170.317-113.809-278.955 0-45.803 7.722-89.803 21.936-130.767l-0.845 2.8z" fill="rgb(226, 35, 26)" class="path2"></path><path data-v-7b5b6b2c="" d="M600.015 1.893c1.247-1.204 2.948-1.946 4.822-1.946 0.302 0 0.6 0.019 0.891 0.057 0.057-0.006 0.164-0.007 0.272-0.007 7.15 0 12.947 5.796 12.947 12.947 0 0.108-0.001 0.215-0.004 0.322l0-0.016v503.482c0.002 0.091 0.004 0.199 0.004 0.306 0 7.15-5.796 12.947-12.947 12.947-0.108 0-0.215-0.001-0.322-0.004-0.241 0.034-0.539 0.053-0.841 0.053-1.874 0-3.574-0.742-4.824-1.948l0.002 0.002c-98.273-48.542-164.673-148.065-164.673-263.098s66.401-214.556 162.964-262.333l1.709-0.765z" fill="rgb(113, 33, 119)" class="path3"></path><path data-v-7b5b6b2c="" d="M938.824 283.919c1.893 0 1.893 1.893 3.786 1.893 1.765 2.012 2.841 4.666 2.841 7.571s-1.077 5.559-2.853 7.584l0.011-0.013-268.776 266.884c-2.012 1.765-4.666 2.841-7.571 2.841s-5.559-1.077-7.584-2.853c-1.144-0.651-1.911-1.879-1.911-3.285 0-0.172 0.012-0.342 0.034-0.508l-0.002 0.019c-7.681-21.529-12.12-46.363-12.12-72.235 0-61.263 24.891-116.712 65.111-156.786 39.326-39.792 93.895-64.431 154.219-64.431 26.857 0 52.573 4.884 76.309 13.812l-1.494-0.493z" fill="rgb(130, 188, 0)" class="path4"></path></g></g></svg></div></span> Giant 100% Egg Whites Liquid Cholesterol Free Fat Free </h3></div><div role="link" class="product-grid-cell_sizes"><span class="product-grid-cell_size"> 16 OZ CTN </span><span aria-hidden="true"> | </span><!----><span class="product-grid-cell_unit"> $0.17 / OZ </span></div><!----></div><div class="product-grid-cell_promo-name"><!----><!----><!----><!----><!----></div><!----><div class="margin-top--one"><!----><div data-v-4e03913c="" class="pdl-add-to-cart"><div data-v-4e03913c="" class="pdl-add-to-cart_button"><button data-v-4e03913c="" aria-label="Add to Cart" data-product-id="159239" data-price="2.69" class="button button--add-to-cart"> Add to Cart <!----></button><!----></div><!----></div></div><!----></div></div><!----><!----><div class="product-tile_action-items"><!----><!----><div class="shopping-list-menu_container"><div><button aria-label="add to shopping list" class="button pdl-product-detail_top-icon button--fourth pdl-product-detail_top-icon--borderless"><!----><div class="vector-icon-size--large"><svg xmlns="http://www.w3.org/2000/svg" aria-label="Shopping List Icon Add" viewBox="0 0 32 32" role="presentation" aria-hidden="true" focusable="false" class="vector-icon-color--dark-grey"><title lang="en">Shopping List Icon Add</title><desc></desc><g fill="" stroke=""><path d="M21.94066,15.3368884 L21.94066,12.8931995 C21.94066,12.3409148 22.3883752,11.8931995 22.94066,11.8931995 C23.4929447,11.8931995 23.94066,12.3409148 23.94066,12.8931995 L23.94066,15.3368884 L26.2522624,15.3368884 C26.8045471,15.3368884 27.2522624,15.7846037 27.2522624,16.3368884 C27.2522624,16.8891732 26.8045471,17.3368884 26.2522624,17.3368884 L23.94066,17.3368884 L23.94066,19.8787952 C23.94066,20.43108 23.4929447,20.8787952 22.94066,20.8787952 C22.3883752,20.8787952 21.94066,20.43108 21.94066,19.8787952 L21.94066,17.3368884 L19.2666667,17.3368884 C18.7143819,17.3368884 18.2666667,16.8891732 18.2666667,16.3368884 C18.2666667,15.7846037 18.7143819,15.3368884 19.2666667,15.3368884 L21.94066,15.3368884 Z M8,12 C7.44771525,12 7,11.5522847 7,11 C7,10.4477153 7.44771525,10 8,10 L19.1153581,10 C19.6676429,10 20.1153581,10.4477153 20.1153581,11 C20.1153581,11.5522847 19.6676429,12 19.1153581,12 L8,12 Z M8,17.3368884 C7.44771525,17.3368884 7,16.8891732 7,16.3368884 C7,15.7846037 7.44771525,15.3368884 8,15.3368884 L14.7200696,15.3368884 C15.2723543,15.3368884 15.7200696,15.7846037 15.7200696,16.3368884 C15.7200696,16.8891732 15.2723543,17.3368884 14.7200696,17.3368884 L8,17.3368884 Z M8,23 C7.44771525,23 7,22.5522847 7,22 C7,21.4477153 7.44771525,21 8,21 L19.1153581,21 C19.6676429,21 20.1153581,21.4477153 20.1153581,22 C20.1153581,22.5522847 19.6676429,23 19.1153581,23 L8,23 Z" fill="#000000" fill-rule="nonzero"></path></g></svg></div><div class="pdl-product-detail_list-tooltip"><p>Add item to shopping list</p><i></i></div></button><!----></div></div></div><!----></li><!----><!----><!----><li id="product-36" tabindex="-1" data-product-id="167564" aria-label="Giant 100% Egg Whites Liquid Cholesterol Free Fat Free" class="tile product-cell product-grid-cell"><!----><!----><!----><div class="product-tile_content"><div><!----><div class="flag_outer-container"><!----><!----><!----></div></div><!----><div><img src="data:image/svg+xml;base64,PD94bWwgdmVyc2lvbj0iMS4wIiBlbmNvZGluZz0idXRmLTgiPz4KPCEtLSBHZW5lcmF0ZWQgYnkgSWNvTW9vbi5pbyAtLT4KPCFET0NUWVBFIHN2ZyBQVUJMSUMgIi0vL1czQy8vRFREIFNWRyAxLjEvL0VOIiAiaHR0cDovL3d3dy53My5vcmcvR3JhcGhpY3MvU1ZHLzEuMS9EVEQvc3ZnMTEuZHRkIj4KPHN2ZyB2ZXJzaW9uPSIxLjEiIHhtbG5zPSJodHRwOi8vd3d3LnczLm9yZy8yMDAwL3N2ZyIgeG1sbnM6eGxpbms9Imh0dHA6Ly93d3cudzMub3JnLzE5OTkveGxpbmsiIHdpZHRoPSI0OCIgaGVpZ2h0PSI0OCIgdmlld0JveD0iMCAwIDQ4IDQ4Ij4KPGcgaWQ9Imljb21vb24taWdub3JlIj4KCTxsaW5lIHN0cm9rZS13aWR0aD0iMSIgeDE9IiIgeTE9IiIgeDI9IiIgeTI9IiIgc3Ryb2tlPSIjNDQ5RkRCIiBvcGFjaXR5PSIiPjwvbGluZT4KPC9nPgoJPHBhdGggZD0iTTM4LjQ4IDkuMDcwYzAuMjQ4IDAgMC40NSAwLjIwMiAwLjQ1IDAuNDV2MjguOTU5YzAgMC4yNDgtMC4yMDIgMC40NS0wLjQ1IDAuNDVoLTI4Ljk1OWMtMC4yNDggMC0wLjQ1LTAuMjAyLTAuNDUtMC40NXYtMjguOTU5YzAtMC4yNDggMC4yMDItMC40NSAwLjQ1LTAuNDVoMjguOTU5ek0zOC40OCA4aC0yOC45NTljLTAuODQgMC0xLjUyIDAuNjgxLTEuNTIgMS41MjF2MjguOTU5YzAgMC44NCAwLjY4MSAxLjUyMSAxLjUyIDEuNTIxaDI4Ljk1OWMwLjg0IDAgMS41Mi0wLjY4MSAxLjUyLTEuNTIxdi0yOC45NTljMC0wLjg0LTAuNjgxLTEuNTIxLTEuNTItMS41MjF2MHoiIG9wYWNpdHk9IjEiIHZpc2liaWxpdHk9ImZhbHNlIiBmaWxsPSIjZDdkN2Q3Ij48L3BhdGg+Cgk8cGF0aCBkPSJNMTIuMjI4IDM1LjIyNHYtMy4zMjljMC0wLjE0NSAwLjA1OC0wLjI4NSAwLjE2LTAuMzg4bDUuNTg3LTUuNTg3YzAuMjE0LTAuMjE0IDAuNTYxLTAuMjE0IDAuNzc1IDBsMi4xMTkgMi4xMTljMC4yMTQgMC4yMTQgMC41NjEgMC4yMTQgMC43NzUgMGw4LjE5MS04LjE5MmMwLjIxNC0wLjIxNCAwLjU2MS0wLjIxNCAwLjc3NSAwbDUgNWMwLjEwMyAwLjEwMyAwLjE2IDAuMjQyIDAuMTYgMC4zODh2OS45ODhjMCAwLjMwMy0wLjI0NSAwLjU0OC0wLjU0OCAwLjU0OGgtMjIuNDQ3Yy0wLjMwMyAwLTAuNTQ4LTAuMjQ1LTAuNTQ4LTAuNTQ4eiIgb3BhY2l0eT0iMSIgdmlzaWJpbGl0eT0iZmFsc2UiIGZpbGw9IiNkN2Q3ZDciPjwvcGF0aD4KCTxwYXRoIGQ9Ik0yMS41NDQgMTcuOTY3YzAgMS45ODItMS42MDYgMy41ODgtMy41ODggMy41ODhzLTMuNTg4LTEuNjA2LTMuNTg4LTMuNTg4YzAtMS45ODEgMS42MDYtMy41ODggMy41ODgtMy41ODhzMy41ODggMS42MDYgMy41ODggMy41ODh6IiBvcGFjaXR5PSIxIiB2aXNpYmlsaXR5PSJmYWxzZSIgZmlsbD0iI2Q3ZDdkNyI+PC9wYXRoPgo8L3N2Zz4K" alt="Giant 100% Egg Whites Liquid Cholesterol Free Fat Free" class="product-grid-image product-grid-cell_main-image"></div><div class="product-grid-cell_price-tag product-grid-cell_price-tag--full-tile"><div class="product-tile_detail"><div class="product-grid-cell_price-container"><span role="link" class="product-grid-cell_main-price"> $4.59 </span><!----></div></div><div class="product-tile_detail-title"><div data-v-7b5b6b2c="" role="link" tabindex="0" class="product-grid-cell_name"><h3 data-v-7b5b6b2c="" aria-label="Giant 100% Egg Whites Liquid Cholesterol Free Fat Free" class="product-grid-cell_name-text product-grid-cell_name-text--small"><span data-v-7b5b6b2c="" class="vector-icon_inline-text--left"><div data-v-7b5b6b2c="" class="vector-icon-size--xsmall"><svg xmlns="http://www.w3.org/2000/svg" aria-label="Ahold Icon" viewBox="0 0 1024 945" role="presentation" aria-hidden="true" focusable="false" class=""><title lang="en">Ahold Icon</title><desc></desc><g fill="" stroke=""><g data-v-7b5b6b2c=""><path data-v-7b5b6b2c="" d="M1.893 730.617c-1.289-2.094-2.052-4.631-2.052-7.346 0-0.747 0.058-1.481 0.169-2.197 0.158-12.396 10.227-22.466 22.687-22.634l895.306-0c12.476 0.168 22.545 10.237 22.713 22.698-0.521 3.721-1.182 6.924-2.024 10.053l0.131-0.574c-86.363 175.072-263.598 293.385-468.466 293.385s-382.103-118.313-467.105-290.339l-1.361-3.046z" fill="rgb(247, 168, 0)" class="path1"></path><path data-v-7b5b6b2c="" d="M107.889 132.495c1.893-1.893 1.893-3.786 3.786-5.678 2.98-3.491 7.385-5.69 12.303-5.69s9.323 2.199 12.284 5.668l0.019 0.022 476.983 476.983c3.491 2.98 5.69 7.385 5.69 12.303s-2.199 9.323-5.668 12.284c-1.399 1.869-3.361 3.216-5.631 3.789l-0.069 0.015c-38.446 13.732-82.796 21.669-129.001 21.669-108.416 0-206.626-43.699-277.977-114.443-70.367-71.826-113.809-170.317-113.809-278.955 0-45.803 7.722-89.803 21.936-130.767l-0.845 2.8z" fill="rgb(226, 35, 26)" class="path2"></path><path data-v-7b5b6b2c="" d="M600.015 1.893c1.247-1.204 2.948-1.946 4.822-1.946 0.302 0 0.6 0.019 0.891 0.057 0.057-0.006 0.164-0.007 0.272-0.007 7.15 0 12.947 5.796 12.947 12.947 0 0.108-0.001 0.215-0.004 0.322l0-0.016v503.482c0.002 0.091 0.004 0.199 0.004 0.306 0 7.15-5.796 12.947-12.947 12.947-0.108 0-0.215-0.001-0.322-0.004-0.241 0.034-0.539 0.053-0.841 0.053-1.874 0-3.574-0.742-4.824-1.948l0.002 0.002c-98.273-48.542-164.673-148.065-164.673-263.098s66.401-214.556 162.964-262.333l1.709-0.765z" fill="rgb(113, 33, 119)" class="path3"></path><path data-v-7b5b6b2c="" d="M938.824 283.919c1.893 0 1.893 1.893 3.786 1.893 1.765 2.012 2.841 4.666 2.841 7.571s-1.077 5.559-2.853 7.584l0.011-0.013-268.776 266.884c-2.012 1.765-4.666 2.841-7.571 2.841s-5.559-1.077-7.584-2.853c-1.144-0.651-1.911-1.879-1.911-3.285 0-0.172 0.012-0.342 0.034-0.508l-0.002 0.019c-7.681-21.529-12.12-46.363-12.12-72.235 0-61.263 24.891-116.712 65.111-156.786 39.326-39.792 93.895-64.431 154.219-64.431 26.857 0 52.573 4.884 76.309 13.812l-1.494-0.493z" fill="rgb(130, 188, 0)" class="path4"></path></g></g></svg></div></span> Giant 100% Egg Whites Liquid Cholesterol Free Fat Free </h3></div><div role="link" class="product-grid-cell_sizes"><span class="product-grid-cell_size"> 32 OZ CTN </span><span aria-hidden="true"> | </span><!----><span class="product-grid-cell_unit"> $0.14 / OZ </span></div><!----></div><div class="product-grid-cell_promo-name"><!----><!----><!----><!----><!----></div><!----><div class="margin-top--one"><!----><div data-v-4e03913c="" class="pdl-add-to-cart"><div data-v-4e03913c="" class="pdl-add-to-cart_button"><button data-v-4e03913c="" aria-label="Add to Cart" data-product-id="167564" data-price="4.59" class="button button--add-to-cart"> Add to Cart <!----></button><!----></div><!----></div></div><!----></div></div><!----><!----><div class="product-tile_action-items"><!----><!----><div class="shopping-list-menu_container"><div><button aria-label="add to shopping list" class="button pdl-product-detail_top-icon button--fourth pdl-product-detail_top-icon--borderless"><!----><div class="vector-icon-size--large"><svg xmlns="http://www.w3.org/2000/svg" aria-label="Shopping List Icon Add" viewBox="0 0 32 32" role="presentation" aria-hidden="true" focusable="false" class="vector-icon-color--dark-grey"><title lang="en">Shopping List Icon Add</title><desc></desc><g fill="" stroke=""><path d="M21.94066,15.3368884 L21.94066,12.8931995 C21.94066,12.3409148 22.3883752,11.8931995 22.94066,11.8931995 C23.4929447,11.8931995 23.94066,12.3409148 23.94066,12.8931995 L23.94066,15.3368884 L26.2522624,15.3368884 C26.8045471,15.3368884 27.2522624,15.7846037 27.2522624,16.3368884 C27.2522624,16.8891732 26.8045471,17.3368884 26.2522624,17.3368884 L23.94066,17.3368884 L23.94066,19.8787952 C23.94066,20.43108 23.4929447,20.8787952 22.94066,20.8787952 C22.3883752,20.8787952 21.94066,20.43108 21.94066,19.8787952 L21.94066,17.3368884 L19.2666667,17.3368884 C18.7143819,17.3368884 18.2666667,16.8891732 18.2666667,16.3368884 C18.2666667,15.7846037 18.7143819,15.3368884 19.2666667,15.3368884 L21.94066,15.3368884 Z M8,12 C7.44771525,12 7,11.5522847 7,11 C7,10.4477153 7.44771525,10 8,10 L19.1153581,10 C19.6676429,10 20.1153581,10.4477153 20.1153581,11 C20.1153581,11.5522847 19.6676429,12 19.1153581,12 L8,12 Z M8,17.3368884 C7.44771525,17.3368884 7,16.8891732 7,16.3368884 C7,15.7846037 7.44771525,15.3368884 8,15.3368884 L14.7200696,15.3368884 C15.2723543,15.3368884 15.7200696,15.7846037 15.7200696,16.3368884 C15.7200696,16.8891732 15.2723543,17.3368884 14.7200696,17.3368884 L8,17.3368884 Z M8,23 C7.44771525,23 7,22.5522847 7,22 C7,21.4477153 7.44771525,21 8,21 L19.1153581,21 C19.6676429,21 20.1153581,21.4477153 20.1153581,22 C20.1153581,22.5522847 19.6676429,23 19.1153581,23 L8,23 Z" fill="#000000" fill-rule="nonzero"></path></g></svg></div><div class="pdl-product-detail_list-tooltip"><p>Add item to shopping list</p><i></i></div></button><!----></div></div></div><!----></li><!----><!----><!----><li id="product-37" tabindex="-1" data-product-id="274429" aria-label="Bob Evans 100% Liquid Egg Whites Fat Free" class="tile product-cell product-grid-cell"><!----><!----><!----><div class="product-tile_content"><div><!----><div class="flag_outer-container"><!----><!----><!----></div></div><!----><div><img src="data:image/svg+xml;base64,PD94bWwgdmVyc2lvbj0iMS4wIiBlbmNvZGluZz0idXRmLTgiPz4KPCEtLSBHZW5lcmF0ZWQgYnkgSWNvTW9vbi5pbyAtLT4KPCFET0NUWVBFIHN2ZyBQVUJMSUMgIi0vL1czQy8vRFREIFNWRyAxLjEvL0VOIiAiaHR0cDovL3d3dy53My5vcmcvR3JhcGhpY3MvU1ZHLzEuMS9EVEQvc3ZnMTEuZHRkIj4KPHN2ZyB2ZXJzaW9uPSIxLjEiIHhtbG5zPSJodHRwOi8vd3d3LnczLm9yZy8yMDAwL3N2ZyIgeG1sbnM6eGxpbms9Imh0dHA6Ly93d3cudzMub3JnLzE5OTkveGxpbmsiIHdpZHRoPSI0OCIgaGVpZ2h0PSI0OCIgdmlld0JveD0iMCAwIDQ4IDQ4Ij4KPGcgaWQ9Imljb21vb24taWdub3JlIj4KCTxsaW5lIHN0cm9rZS13aWR0aD0iMSIgeDE9IiIgeTE9IiIgeDI9IiIgeTI9IiIgc3Ryb2tlPSIjNDQ5RkRCIiBvcGFjaXR5PSIiPjwvbGluZT4KPC9nPgoJPHBhdGggZD0iTTM4LjQ4IDkuMDcwYzAuMjQ4IDAgMC40NSAwLjIwMiAwLjQ1IDAuNDV2MjguOTU5YzAgMC4yNDgtMC4yMDIgMC40NS0wLjQ1IDAuNDVoLTI4Ljk1OWMtMC4yNDggMC0wLjQ1LTAuMjAyLTAuNDUtMC40NXYtMjguOTU5YzAtMC4yNDggMC4yMDItMC40NSAwLjQ1LTAuNDVoMjguOTU5ek0zOC40OCA4aC0yOC45NTljLTAuODQgMC0xLjUyIDAuNjgxLTEuNTIgMS41MjF2MjguOTU5YzAgMC44NCAwLjY4MSAxLjUyMSAxLjUyIDEuNTIxaDI4Ljk1OWMwLjg0IDAgMS41Mi0wLjY4MSAxLjUyLTEuNTIxdi0yOC45NTljMC0wLjg0LTAuNjgxLTEuNTIxLTEuNTItMS41MjF2MHoiIG9wYWNpdHk9IjEiIHZpc2liaWxpdHk9ImZhbHNlIiBmaWxsPSIjZDdkN2Q3Ij48L3BhdGg+Cgk8cGF0aCBkPSJNMTIuMjI4IDM1LjIyNHYtMy4zMjljMC0wLjE0NSAwLjA1OC0wLjI4NSAwLjE2LTAuMzg4bDUuNTg3LTUuNTg3YzAuMjE0LTAuMjE0IDAuNTYxLTAuMjE0IDAuNzc1IDBsMi4xMTkgMi4xMTljMC4yMTQgMC4yMTQgMC41NjEgMC4yMTQgMC43NzUgMGw4LjE5MS04LjE5MmMwLjIxNC0wLjIxNCAwLjU2MS0wLjIxNCAwLjc3NSAwbDUgNWMwLjEwMyAwLjEwMyAwLjE2IDAuMjQyIDAuMTYgMC4zODh2OS45ODhjMCAwLjMwMy0wLjI0NSAwLjU0OC0wLjU0OCAwLjU0OGgtMjIuNDQ3Yy0wLjMwMyAwLTAuNTQ4LTAuMjQ1LTAuNTQ4LTAuNTQ4eiIgb3BhY2l0eT0iMSIgdmlzaWJpbGl0eT0iZmFsc2UiIGZpbGw9IiNkN2Q3ZDciPjwvcGF0aD4KCTxwYXRoIGQ9Ik0yMS41NDQgMTcuOTY3YzAgMS45ODItMS42MDYgMy41ODgtMy41ODggMy41ODhzLTMuNTg4LTEuNjA2LTMuNTg4LTMuNTg4YzAtMS45ODEgMS42MDYtMy41ODggMy41ODgtMy41ODhzMy41ODggMS42MDYgMy41ODggMy41ODh6IiBvcGFjaXR5PSIxIiB2aXNpYmlsaXR5PSJmYWxzZSIgZmlsbD0iI2Q3ZDdkNyI+PC9wYXRoPgo8L3N2Zz4K" alt="Bob Evans 100% Liquid Egg Whites Fat Free" class="product-grid-image product-grid-cell_main-image"></div><div class="product-grid-cell_price-tag product-grid-cell_price-tag--full-tile"><div class="product-tile_detail"><div class="product-grid-cell_price-container"><span role="link" class="product-grid-cell_main-price"> $5.49 </span><!----></div></div><div class="product-tile_detail-title"><div data-v-7b5b6b2c="" role="link" tabindex="0" class="product-grid-cell_name"><h3 data-v-7b5b6b2c="" aria-label="Bob Evans 100% Liquid Egg Whites Fat Free" class="product-grid-cell_name-text product-grid-cell_name-text--small"><!----> Bob Evans 100% Liquid Egg Whites Fat Free </h3></div><div role="link" class="product-grid-cell_sizes"><span class="product-grid-cell_size"> 32 OZ CTN </span><span aria-hidden="true"> | </span><!----><span class="product-grid-cell_unit"> $0.17 / OZ </span></div><!----></div><div class="product-grid-cell_promo-name"><!----><!----><!----><!----><!----></div><!----><div class="margin-top--one"><!----><div data-v-4e03913c="" class="pdl-add-to-cart"><div data-v-4e03913c="" class="pdl-add-to-cart_button"><button data-v-4e03913c="" aria-label="Add to Cart" data-product-id="274429" data-price="5.49" class="button button--add-to-cart"> Add to Cart <!----></button><!----></div><!----></div></div><!----></div></div><!----><!----><div class="product-tile_action-items"><!----><!----><div class="shopping-list-menu_container"><div><button aria-label="add to shopping list" class="button pdl-product-detail_top-icon button--fourth pdl-product-detail_top-icon--borderless"><!----><div class="vector-icon-size--large"><svg xmlns="http://www.w3.org/2000/svg" aria-label="Shopping List Icon Add" viewBox="0 0 32 32" role="presentation" aria-hidden="true" focusable="false" class="vector-icon-color--dark-grey"><title lang="en">Shopping List Icon Add</title><desc></desc><g fill="" stroke=""><path d="M21.94066,15.3368884 L21.94066,12.8931995 C21.94066,12.3409148 22.3883752,11.8931995 22.94066,11.8931995 C23.4929447,11.8931995 23.94066,12.3409148 23.94066,12.8931995 L23.94066,15.3368884 L26.2522624,15.3368884 C26.8045471,15.3368884 27.2522624,15.7846037 27.2522624,16.3368884 C27.2522624,16.8891732 26.8045471,17.3368884 26.2522624,17.3368884 L23.94066,17.3368884 L23.94066,19.8787952 C23.94066,20.43108 23.4929447,20.8787952 22.94066,20.8787952 C22.3883752,20.8787952 21.94066,20.43108 21.94066,19.8787952 L21.94066,17.3368884 L19.2666667,17.3368884 C18.7143819,17.3368884 18.2666667,16.8891732 18.2666667,16.3368884 C18.2666667,15.7846037 18.7143819,15.3368884 19.2666667,15.3368884 L21.94066,15.3368884 Z M8,12 C7.44771525,12 7,11.5522847 7,11 C7,10.4477153 7.44771525,10 8,10 L19.1153581,10 C19.6676429,10 20.1153581,10.4477153 20.1153581,11 C20.1153581,11.5522847 19.6676429,12 19.1153581,12 L8,12 Z M8,17.3368884 C7.44771525,17.3368884 7,16.8891732 7,16.3368884 C7,15.7846037 7.44771525,15.3368884 8,15.3368884 L14.7200696,15.3368884 C15.2723543,15.3368884 15.7200696,15.7846037 15.7200696,16.3368884 C15.7200696,16.8891732 15.2723543,17.3368884 14.7200696,17.3368884 L8,17.3368884 Z M8,23 C7.44771525,23 7,22.5522847 7,22 C7,21.4477153 7.44771525,21 8,21 L19.1153581,21 C19.6676429,21 20.1153581,21.4477153 20.1153581,22 C20.1153581,22.5522847 19.6676429,23 19.1153581,23 L8,23 Z" fill="#000000" fill-rule="nonzero"></path></g></svg></div><div class="pdl-product-detail_list-tooltip"><p>Add item to shopping list</p><i></i></div></button><!----></div></div></div><!----></li><!----><!----><!----><li id="product-38" tabindex="-1" data-product-id="189954" aria-label="Eggland&#39;s Best Hard-Cooked Eggs Medium Peeled &amp; Ready to Eat" class="tile product-cell product-grid-cell"><!----><!----><!----><div class="product-tile_content"><div><!----><div class="flag_outer-container"><!----><!----><!----></div></div><!----><div><img src="data:image/svg+xml;base64,PD94bWwgdmVyc2lvbj0iMS4wIiBlbmNvZGluZz0idXRmLTgiPz4KPCEtLSBHZW5lcmF0ZWQgYnkgSWNvTW9vbi5pbyAtLT4KPCFET0NUWVBFIHN2ZyBQVUJMSUMgIi0vL1czQy8vRFREIFNWRyAxLjEvL0VOIiAiaHR0cDovL3d3dy53My5vcmcvR3JhcGhpY3MvU1ZHLzEuMS9EVEQvc3ZnMTEuZHRkIj4KPHN2ZyB2ZXJzaW9uPSIxLjEiIHhtbG5zPSJodHRwOi8vd3d3LnczLm9yZy8yMDAwL3N2ZyIgeG1sbnM6eGxpbms9Imh0dHA6Ly93d3cudzMub3JnLzE5OTkveGxpbmsiIHdpZHRoPSI0OCIgaGVpZ2h0PSI0OCIgdmlld0JveD0iMCAwIDQ4IDQ4Ij4KPGcgaWQ9Imljb21vb24taWdub3JlIj4KCTxsaW5lIHN0cm9rZS13aWR0aD0iMSIgeDE9IiIgeTE9IiIgeDI9IiIgeTI9IiIgc3Ryb2tlPSIjNDQ5RkRCIiBvcGFjaXR5PSIiPjwvbGluZT4KPC9nPgoJPHBhdGggZD0iTTM4LjQ4IDkuMDcwYzAuMjQ4IDAgMC40NSAwLjIwMiAwLjQ1IDAuNDV2MjguOTU5YzAgMC4yNDgtMC4yMDIgMC40NS0wLjQ1IDAuNDVoLTI4Ljk1OWMtMC4yNDggMC0wLjQ1LTAuMjAyLTAuNDUtMC40NXYtMjguOTU5YzAtMC4yNDggMC4yMDItMC40NSAwLjQ1LTAuNDVoMjguOTU5ek0zOC40OCA4aC0yOC45NTljLTAuODQgMC0xLjUyIDAuNjgxLTEuNTIgMS41MjF2MjguOTU5YzAgMC44NCAwLjY4MSAxLjUyMSAxLjUyIDEuNTIxaDI4Ljk1OWMwLjg0IDAgMS41Mi0wLjY4MSAxLjUyLTEuNTIxdi0yOC45NTljMC0wLjg0LTAuNjgxLTEuNTIxLTEuNTItMS41MjF2MHoiIG9wYWNpdHk9IjEiIHZpc2liaWxpdHk9ImZhbHNlIiBmaWxsPSIjZDdkN2Q3Ij48L3BhdGg+Cgk8cGF0aCBkPSJNMTIuMjI4IDM1LjIyNHYtMy4zMjljMC0wLjE0NSAwLjA1OC0wLjI4NSAwLjE2LTAuMzg4bDUuNTg3LTUuNTg3YzAuMjE0LTAuMjE0IDAuNTYxLTAuMjE0IDAuNzc1IDBsMi4xMTkgMi4xMTljMC4yMTQgMC4yMTQgMC41NjEgMC4yMTQgMC43NzUgMGw4LjE5MS04LjE5MmMwLjIxNC0wLjIxNCAwLjU2MS0wLjIxNCAwLjc3NSAwbDUgNWMwLjEwMyAwLjEwMyAwLjE2IDAuMjQyIDAuMTYgMC4zODh2OS45ODhjMCAwLjMwMy0wLjI0NSAwLjU0OC0wLjU0OCAwLjU0OGgtMjIuNDQ3Yy0wLjMwMyAwLTAuNTQ4LTAuMjQ1LTAuNTQ4LTAuNTQ4eiIgb3BhY2l0eT0iMSIgdmlzaWJpbGl0eT0iZmFsc2UiIGZpbGw9IiNkN2Q3ZDciPjwvcGF0aD4KCTxwYXRoIGQ9Ik0yMS41NDQgMTcuOTY3YzAgMS45ODItMS42MDYgMy41ODgtMy41ODggMy41ODhzLTMuNTg4LTEuNjA2LTMuNTg4LTMuNTg4YzAtMS45ODEgMS42MDYtMy41ODggMy41ODgtMy41ODhzMy41ODggMS42MDYgMy41ODggMy41ODh6IiBvcGFjaXR5PSIxIiB2aXNpYmlsaXR5PSJmYWxzZSIgZmlsbD0iI2Q3ZDdkNyI+PC9wYXRoPgo8L3N2Zz4K" alt="Eggland&#39;s Best Hard-Cooked Eggs Medium Peeled &amp; Ready to Eat" class="product-grid-image product-grid-cell_main-image"></div><div class="product-grid-cell_price-tag product-grid-cell_price-tag--full-tile"><div class="product-tile_detail"><div class="product-grid-cell_price-container"><span role="link" class="product-grid-cell_main-price"> $3.49 </span><!----></div></div><div class="product-tile_detail-title"><div data-v-7b5b6b2c="" role="link" tabindex="0" class="product-grid-cell_name"><h3 data-v-7b5b6b2c="" aria-label="Eggland&#39;s Best Hard-Cooked Eggs Medium Peeled &amp; Ready to Eat" class="product-grid-cell_name-text product-grid-cell_name-text--small"><!----> Eggland's Best Hard-Cooked Eggs Medium Peeled &amp; Ready to Eat </h3></div><div role="link" class="product-grid-cell_sizes"><span class="product-grid-cell_size"> 6 CT PKG </span><span aria-hidden="true"> | </span><!----><span class="product-grid-cell_unit"> $0.58 / EA </span></div><!----></div><div class="product-grid-cell_promo-name"><!----><!----><!----><!----><!----></div><!----><div class="margin-top--one"><!----><div data-v-4e03913c="" class="pdl-add-to-cart"><div data-v-4e03913c="" class="pdl-add-to-cart_button"><button data-v-4e03913c="" aria-label="Add to Cart" data-product-id="189954" data-price="3.49" class="button button--add-to-cart"> Add to Cart <!----></button><!----></div><!----></div></div><!----></div></div><!----><!----><div class="product-tile_action-items"><!----><!----><div class="shopping-list-menu_container"><div><button aria-label="add to shopping list" class="button pdl-product-detail_top-icon button--fourth pdl-product-detail_top-icon--borderless"><!----><div class="vector-icon-size--large"><svg xmlns="http://www.w3.org/2000/svg" aria-label="Shopping List Icon Add" viewBox="0 0 32 32" role="presentation" aria-hidden="true" focusable="false" class="vector-icon-color--dark-grey"><title lang="en">Shopping List Icon Add</title><desc></desc><g fill="" stroke=""><path d="M21.94066,15.3368884 L21.94066,12.8931995 C21.94066,12.3409148 22.3883752,11.8931995 22.94066,11.8931995 C23.4929447,11.8931995 23.94066,12.3409148 23.94066,12.8931995 L23.94066,15.3368884 L26.2522624,15.3368884 C26.8045471,15.3368884 27.2522624,15.7846037 27.2522624,16.3368884 C27.2522624,16.8891732 26.8045471,17.3368884 26.2522624,17.3368884 L23.94066,17.3368884 L23.94066,19.8787952 C23.94066,20.43108 23.4929447,20.8787952 22.94066,20.8787952 C22.3883752,20.8787952 21.94066,20.43108 21.94066,19.8787952 L21.94066,17.3368884 L19.2666667,17.3368884 C18.7143819,17.3368884 18.2666667,16.8891732 18.2666667,16.3368884 C18.2666667,15.7846037 18.7143819,15.3368884 19.2666667,15.3368884 L21.94066,15.3368884 Z M8,12 C7.44771525,12 7,11.5522847 7,11 C7,10.4477153 7.44771525,10 8,10 L19.1153581,10 C19.6676429,10 20.1153581,10.4477153 20.1153581,11 C20.1153581,11.5522847 19.6676429,12 19.1153581,12 L8,12 Z M8,17.3368884 C7.44771525,17.3368884 7,16.8891732 7,16.3368884 C7,15.7846037 7.44771525,15.3368884 8,15.3368884 L14.7200696,15.3368884 C15.2723543,15.3368884 15.7200696,15.7846037 15.7200696,16.3368884 C15.7200696,16.8891732 15.2723543,17.3368884 14.7200696,17.3368884 L8,17.3368884 Z M8,23 C7.44771525,23 7,22.5522847 7,22 C7,21.4477153 7.44771525,21 8,21 L19.1153581,21 C19.6676429,21 20.1153581,21.4477153 20.1153581,22 C20.1153581,22.5522847 19.6676429,23 19.1153581,23 L8,23 Z" fill="#000000" fill-rule="nonzero"></path></g></svg></div><div class="pdl-product-detail_list-tooltip"><p>Add item to shopping list</p><i></i></div></button><!----></div></div></div><!----></li><!----><!----><!----><li id="product-39" tabindex="-1" data-product-id="120272" aria-label="Ener-G Egg Replacer Culinary Egg Substitute Powder Gluten &amp; Wheat Free" class="tile product-cell product-grid-cell"><!----><!----><!----><div class="product-tile_content"><div><!----><div class="flag_outer-container"><!----><!----><!----></div></div><!----><div><img src="data:image/svg+xml;base64,PD94bWwgdmVyc2lvbj0iMS4wIiBlbmNvZGluZz0idXRmLTgiPz4KPCEtLSBHZW5lcmF0ZWQgYnkgSWNvTW9vbi5pbyAtLT4KPCFET0NUWVBFIHN2ZyBQVUJMSUMgIi0vL1czQy8vRFREIFNWRyAxLjEvL0VOIiAiaHR0cDovL3d3dy53My5vcmcvR3JhcGhpY3MvU1ZHLzEuMS9EVEQvc3ZnMTEuZHRkIj4KPHN2ZyB2ZXJzaW9uPSIxLjEiIHhtbG5zPSJodHRwOi8vd3d3LnczLm9yZy8yMDAwL3N2ZyIgeG1sbnM6eGxpbms9Imh0dHA6Ly93d3cudzMub3JnLzE5OTkveGxpbmsiIHdpZHRoPSI0OCIgaGVpZ2h0PSI0OCIgdmlld0JveD0iMCAwIDQ4IDQ4Ij4KPGcgaWQ9Imljb21vb24taWdub3JlIj4KCTxsaW5lIHN0cm9rZS13aWR0aD0iMSIgeDE9IiIgeTE9IiIgeDI9IiIgeTI9IiIgc3Ryb2tlPSIjNDQ5RkRCIiBvcGFjaXR5PSIiPjwvbGluZT4KPC9nPgoJPHBhdGggZD0iTTM4LjQ4IDkuMDcwYzAuMjQ4IDAgMC40NSAwLjIwMiAwLjQ1IDAuNDV2MjguOTU5YzAgMC4yNDgtMC4yMDIgMC40NS0wLjQ1IDAuNDVoLTI4Ljk1OWMtMC4yNDggMC0wLjQ1LTAuMjAyLTAuNDUtMC40NXYtMjguOTU5YzAtMC4yNDggMC4yMDItMC40NSAwLjQ1LTAuNDVoMjguOTU5ek0zOC40OCA4aC0yOC45NTljLTAuODQgMC0xLjUyIDAuNjgxLTEuNTIgMS41MjF2MjguOTU5YzAgMC44NCAwLjY4MSAxLjUyMSAxLjUyIDEuNTIxaDI4Ljk1OWMwLjg0IDAgMS41Mi0wLjY4MSAxLjUyLTEuNTIxdi0yOC45NTljMC0wLjg0LTAuNjgxLTEuNTIxLTEuNTItMS41MjF2MHoiIG9wYWNpdHk9IjEiIHZpc2liaWxpdHk9ImZhbHNlIiBmaWxsPSIjZDdkN2Q3Ij48L3BhdGg+Cgk8cGF0aCBkPSJNMTIuMjI4IDM1LjIyNHYtMy4zMjljMC0wLjE0NSAwLjA1OC0wLjI4NSAwLjE2LTAuMzg4bDUuNTg3LTUuNTg3YzAuMjE0LTAuMjE0IDAuNTYxLTAuMjE0IDAuNzc1IDBsMi4xMTkgMi4xMTljMC4yMTQgMC4yMTQgMC41NjEgMC4yMTQgMC43NzUgMGw4LjE5MS04LjE5MmMwLjIxNC0wLjIxNCAwLjU2MS0wLjIxNCAwLjc3NSAwbDUgNWMwLjEwMyAwLjEwMyAwLjE2IDAuMjQyIDAuMTYgMC4zODh2OS45ODhjMCAwLjMwMy0wLjI0NSAwLjU0OC0wLjU0OCAwLjU0OGgtMjIuNDQ3Yy0wLjMwMyAwLTAuNTQ4LTAuMjQ1LTAuNTQ4LTAuNTQ4eiIgb3BhY2l0eT0iMSIgdmlzaWJpbGl0eT0iZmFsc2UiIGZpbGw9IiNkN2Q3ZDciPjwvcGF0aD4KCTxwYXRoIGQ9Ik0yMS41NDQgMTcuOTY3YzAgMS45ODItMS42MDYgMy41ODgtMy41ODggMy41ODhzLTMuNTg4LTEuNjA2LTMuNTg4LTMuNTg4YzAtMS45ODEgMS42MDYtMy41ODggMy41ODgtMy41ODhzMy41ODggMS42MDYgMy41ODggMy41ODh6IiBvcGFjaXR5PSIxIiB2aXNpYmlsaXR5PSJmYWxzZSIgZmlsbD0iI2Q3ZDdkNyI+PC9wYXRoPgo8L3N2Zz4K" alt="Ener-G Egg Replacer Culinary Egg Substitute Powder Gluten &amp; Wheat Free" class="product-grid-image product-grid-cell_main-image"></div><div class="product-grid-cell_price-tag product-grid-cell_price-tag--full-tile"><div class="product-tile_detail"><div class="product-grid-cell_price-container"><span role="link" class="product-grid-cell_main-price"> $5.19 </span><!----></div></div><div class="product-tile_detail-title"><div data-v-7b5b6b2c="" role="link" tabindex="0" class="product-grid-cell_name"><h3 data-v-7b5b6b2c="" aria-label="Ener-G Egg Replacer Culinary Egg Substitute Powder Gluten &amp; Wheat Free" class="product-grid-cell_name-text product-grid-cell_name-text--small"><!----> Ener-G Egg Replacer Culinary Egg Substitute Powder Gluten &amp; Wheat Free </h3></div><div role="link" class="product-grid-cell_sizes"><span class="product-grid-cell_size"> 16 OZ BOX </span><span aria-hidden="true"> | </span><!----><span class="product-grid-cell_unit"> $0.32 / OZ </span></div><!----></div><div class="product-grid-cell_promo-name"><!----><!----><!----><!----><!----></div><!----><div class="margin-top--one"><!----><div data-v-4e03913c="" class="pdl-add-to-cart"><div data-v-4e03913c="" class="pdl-add-to-cart_button"><button data-v-4e03913c="" aria-label="Add to Cart" data-product-id="120272" data-price="5.19" class="button button--add-to-cart"> Add to Cart <!----></button><!----></div><!----></div></div><!----></div></div><!----><!----><div class="product-tile_action-items"><!----><!----><div class="shopping-list-menu_container"><div><button aria-label="add to shopping list" class="button pdl-product-detail_top-icon button--fourth pdl-product-detail_top-icon--borderless"><!----><div class="vector-icon-size--large"><svg xmlns="http://www.w3.org/2000/svg" aria-label="Shopping List Icon Add" viewBox="0 0 32 32" role="presentation" aria-hidden="true" focusable="false" class="vector-icon-color--dark-grey"><title lang="en">Shopping List Icon Add</title><desc></desc><g fill="" stroke=""><path d="M21.94066,15.3368884 L21.94066,12.8931995 C21.94066,12.3409148 22.3883752,11.8931995 22.94066,11.8931995 C23.4929447,11.8931995 23.94066,12.3409148 23.94066,12.8931995 L23.94066,15.3368884 L26.2522624,15.3368884 C26.8045471,15.3368884 27.2522624,15.7846037 27.2522624,16.3368884 C27.2522624,16.8891732 26.8045471,17.3368884 26.2522624,17.3368884 L23.94066,17.3368884 L23.94066,19.8787952 C23.94066,20.43108 23.4929447,20.8787952 22.94066,20.8787952 C22.3883752,20.8787952 21.94066,20.43108 21.94066,19.8787952 L21.94066,17.3368884 L19.2666667,17.3368884 C18.7143819,17.3368884 18.2666667,16.8891732 18.2666667,16.3368884 C18.2666667,15.7846037 18.7143819,15.3368884 19.2666667,15.3368884 L21.94066,15.3368884 Z M8,12 C7.44771525,12 7,11.5522847 7,11 C7,10.4477153 7.44771525,10 8,10 L19.1153581,10 C19.6676429,10 20.1153581,10.4477153 20.1153581,11 C20.1153581,11.5522847 19.6676429,12 19.1153581,12 L8,12 Z M8,17.3368884 C7.44771525,17.3368884 7,16.8891732 7,16.3368884 C7,15.7846037 7.44771525,15.3368884 8,15.3368884 L14.7200696,15.3368884 C15.2723543,15.3368884 15.7200696,15.7846037 15.7200696,16.3368884 C15.7200696,16.8891732 15.2723543,17.3368884 14.7200696,17.3368884 L8,17.3368884 Z M8,23 C7.44771525,23 7,22.5522847 7,22 C7,21.4477153 7.44771525,21 8,21 L19.1153581,21 C19.6676429,21 20.1153581,21.4477153 20.1153581,22 C20.1153581,22.5522847 19.6676429,23 19.1153581,23 L8,23 Z" fill="#000000" fill-rule="nonzero"></path></g></svg></div><div class="pdl-product-detail_list-tooltip"><p>Add item to shopping list</p><i></i></div></button><!----></div></div></div><!----></li><!----><!----><!----><li id="product-40" tabindex="-1" data-product-id="136246" aria-label="Egg Beaters Egg Product Original with Pour Spout No Fat" class="tile product-cell product-grid-cell"><!----><!----><!----><div class="product-tile_content"><div><!----><div class="flag_outer-container"><!----><!----><!----></div></div><!----><div><img src="data:image/svg+xml;base64,PD94bWwgdmVyc2lvbj0iMS4wIiBlbmNvZGluZz0idXRmLTgiPz4KPCEtLSBHZW5lcmF0ZWQgYnkgSWNvTW9vbi5pbyAtLT4KPCFET0NUWVBFIHN2ZyBQVUJMSUMgIi0vL1czQy8vRFREIFNWRyAxLjEvL0VOIiAiaHR0cDovL3d3dy53My5vcmcvR3JhcGhpY3MvU1ZHLzEuMS9EVEQvc3ZnMTEuZHRkIj4KPHN2ZyB2ZXJzaW9uPSIxLjEiIHhtbG5zPSJodHRwOi8vd3d3LnczLm9yZy8yMDAwL3N2ZyIgeG1sbnM6eGxpbms9Imh0dHA6Ly93d3cudzMub3JnLzE5OTkveGxpbmsiIHdpZHRoPSI0OCIgaGVpZ2h0PSI0OCIgdmlld0JveD0iMCAwIDQ4IDQ4Ij4KPGcgaWQ9Imljb21vb24taWdub3JlIj4KCTxsaW5lIHN0cm9rZS13aWR0aD0iMSIgeDE9IiIgeTE9IiIgeDI9IiIgeTI9IiIgc3Ryb2tlPSIjNDQ5RkRCIiBvcGFjaXR5PSIiPjwvbGluZT4KPC9nPgoJPHBhdGggZD0iTTM4LjQ4IDkuMDcwYzAuMjQ4IDAgMC40NSAwLjIwMiAwLjQ1IDAuNDV2MjguOTU5YzAgMC4yNDgtMC4yMDIgMC40NS0wLjQ1IDAuNDVoLTI4Ljk1OWMtMC4yNDggMC0wLjQ1LTAuMjAyLTAuNDUtMC40NXYtMjguOTU5YzAtMC4yNDggMC4yMDItMC40NSAwLjQ1LTAuNDVoMjguOTU5ek0zOC40OCA4aC0yOC45NTljLTAuODQgMC0xLjUyIDAuNjgxLTEuNTIgMS41MjF2MjguOTU5YzAgMC44NCAwLjY4MSAxLjUyMSAxLjUyIDEuNTIxaDI4Ljk1OWMwLjg0IDAgMS41Mi0wLjY4MSAxLjUyLTEuNTIxdi0yOC45NTljMC0wLjg0LTAuNjgxLTEuNTIxLTEuNTItMS41MjF2MHoiIG9wYWNpdHk9IjEiIHZpc2liaWxpdHk9ImZhbHNlIiBmaWxsPSIjZDdkN2Q3Ij48L3BhdGg+Cgk8cGF0aCBkPSJNMTIuMjI4IDM1LjIyNHYtMy4zMjljMC0wLjE0NSAwLjA1OC0wLjI4NSAwLjE2LTAuMzg4bDUuNTg3LTUuNTg3YzAuMjE0LTAuMjE0IDAuNTYxLTAuMjE0IDAuNzc1IDBsMi4xMTkgMi4xMTljMC4yMTQgMC4yMTQgMC41NjEgMC4yMTQgMC43NzUgMGw4LjE5MS04LjE5MmMwLjIxNC0wLjIxNCAwLjU2MS0wLjIxNCAwLjc3NSAwbDUgNWMwLjEwMyAwLjEwMyAwLjE2IDAuMjQyIDAuMTYgMC4zODh2OS45ODhjMCAwLjMwMy0wLjI0NSAwLjU0OC0wLjU0OCAwLjU0OGgtMjIuNDQ3Yy0wLjMwMyAwLTAuNTQ4LTAuMjQ1LTAuNTQ4LTAuNTQ4eiIgb3BhY2l0eT0iMSIgdmlzaWJpbGl0eT0iZmFsc2UiIGZpbGw9IiNkN2Q3ZDciPjwvcGF0aD4KCTxwYXRoIGQ9Ik0yMS41NDQgMTcuOTY3YzAgMS45ODItMS42MDYgMy41ODgtMy41ODggMy41ODhzLTMuNTg4LTEuNjA2LTMuNTg4LTMuNTg4YzAtMS45ODEgMS42MDYtMy41ODggMy41ODgtMy41ODhzMy41ODggMS42MDYgMy41ODggMy41ODh6IiBvcGFjaXR5PSIxIiB2aXNpYmlsaXR5PSJmYWxzZSIgZmlsbD0iI2Q3ZDdkNyI+PC9wYXRoPgo8L3N2Zz4K" alt="Egg Beaters Egg Product Original with Pour Spout No Fat" class="product-grid-image product-grid-cell_main-image"></div><div class="product-grid-cell_price-tag product-grid-cell_price-tag--full-tile"><div class="product-tile_detail"><div class="product-grid-cell_price-container"><span role="link" class="product-grid-cell_main-price"> $5.49 </span><!----></div></div><div class="product-tile_detail-title"><div data-v-7b5b6b2c="" role="link" tabindex="0" class="product-grid-cell_name"><h3 data-v-7b5b6b2c="" aria-label="Egg Beaters Egg Product Original with Pour Spout No Fat" class="product-grid-cell_name-text product-grid-cell_name-text--small"><!----> Egg Beaters Egg Product Original with Pour Spout No Fat </h3></div><div role="link" class="product-grid-cell_sizes"><span class="product-grid-cell_size"> 32 OZ CTN </span><span aria-hidden="true"> | </span><!----><span class="product-grid-cell_unit"> $0.17 / OZ </span></div><!----></div><div class="product-grid-cell_promo-name"><!----><div tabindex="0" role="link" aria-label="Open coupon details" class="product-tile_coupon-offer product-tile_coupon-offer-eci"><div class="product-tile_coupon-offer-display"><!----><!----><div class="product-tile_coupon-offer-name flex-center product-tile_coupon-offer-name--full-tile"><span><!----></span> Spend $25, Get a Free* Marie Callender's Dessert </div></div><!----><div class="product-tile_coupon-offer-loading-coupon"><!----></div></div><!----><!----><!----></div><!----><div class="margin-top--one"><!----><div data-v-4e03913c="" class="pdl-add-to-cart"><div data-v-4e03913c="" class="pdl-add-to-cart_button"><button data-v-4e03913c="" aria-label="Add to Cart" data-product-id="136246" data-price="5.49" class="button button--add-to-cart"> Add to Cart <!----></button><!----></div><!----></div></div><!----></div></div><!----><!----><div class="product-tile_action-items"><!----><!----><div class="shopping-list-menu_container"><div><button aria-label="add to shopping list" class="button pdl-product-detail_top-icon button--fourth pdl-product-detail_top-icon--borderless"><!----><div class="vector-icon-size--large"><svg xmlns="http://www.w3.org/2000/svg" aria-label="Shopping List Icon Add" viewBox="0 0 32 32" role="presentation" aria-hidden="true" focusable="false" class="vector-icon-color--dark-grey"><title lang="en">Shopping List Icon Add</title><desc></desc><g fill="" stroke=""><path d="M21.94066,15.3368884 L21.94066,12.8931995 C21.94066,12.3409148 22.3883752,11.8931995 22.94066,11.8931995 C23.4929447,11.8931995 23.94066,12.3409148 23.94066,12.8931995 L23.94066,15.3368884 L26.2522624,15.3368884 C26.8045471,15.3368884 27.2522624,15.7846037 27.2522624,16.3368884 C27.2522624,16.8891732 26.8045471,17.3368884 26.2522624,17.3368884 L23.94066,17.3368884 L23.94066,19.8787952 C23.94066,20.43108 23.4929447,20.8787952 22.94066,20.8787952 C22.3883752,20.8787952 21.94066,20.43108 21.94066,19.8787952 L21.94066,17.3368884 L19.2666667,17.3368884 C18.7143819,17.3368884 18.2666667,16.8891732 18.2666667,16.3368884 C18.2666667,15.7846037 18.7143819,15.3368884 19.2666667,15.3368884 L21.94066,15.3368884 Z M8,12 C7.44771525,12 7,11.5522847 7,11 C7,10.4477153 7.44771525,10 8,10 L19.1153581,10 C19.6676429,10 20.1153581,10.4477153 20.1153581,11 C20.1153581,11.5522847 19.6676429,12 19.1153581,12 L8,12 Z M8,17.3368884 C7.44771525,17.3368884 7,16.8891732 7,16.3368884 C7,15.7846037 7.44771525,15.3368884 8,15.3368884 L14.7200696,15.3368884 C15.2723543,15.3368884 15.7200696,15.7846037 15.7200696,16.3368884 C15.7200696,16.8891732 15.2723543,17.3368884 14.7200696,17.3368884 L8,17.3368884 Z M8,23 C7.44771525,23 7,22.5522847 7,22 C7,21.4477153 7.44771525,21 8,21 L19.1153581,21 C19.6676429,21 20.1153581,21.4477153 20.1153581,22 C20.1153581,22.5522847 19.6676429,23 19.1153581,23 L8,23 Z" fill="#000000" fill-rule="nonzero"></path></g></svg></div><div class="pdl-product-detail_list-tooltip"><p>Add item to shopping list</p><i></i></div></button><!----></div></div></div><!----></li><!----><!----><!----><li id="product-41" tabindex="-1" data-product-id="138875" aria-label="Giant Egg Substitutes 99% Egg Product" class="tile product-cell product-grid-cell"><!----><!----><!----><div class="product-tile_content"><div><!----><div class="flag_outer-container"><!----><!----><!----></div></div><!----><div><img src="data:image/svg+xml;base64,PD94bWwgdmVyc2lvbj0iMS4wIiBlbmNvZGluZz0idXRmLTgiPz4KPCEtLSBHZW5lcmF0ZWQgYnkgSWNvTW9vbi5pbyAtLT4KPCFET0NUWVBFIHN2ZyBQVUJMSUMgIi0vL1czQy8vRFREIFNWRyAxLjEvL0VOIiAiaHR0cDovL3d3dy53My5vcmcvR3JhcGhpY3MvU1ZHLzEuMS9EVEQvc3ZnMTEuZHRkIj4KPHN2ZyB2ZXJzaW9uPSIxLjEiIHhtbG5zPSJodHRwOi8vd3d3LnczLm9yZy8yMDAwL3N2ZyIgeG1sbnM6eGxpbms9Imh0dHA6Ly93d3cudzMub3JnLzE5OTkveGxpbmsiIHdpZHRoPSI0OCIgaGVpZ2h0PSI0OCIgdmlld0JveD0iMCAwIDQ4IDQ4Ij4KPGcgaWQ9Imljb21vb24taWdub3JlIj4KCTxsaW5lIHN0cm9rZS13aWR0aD0iMSIgeDE9IiIgeTE9IiIgeDI9IiIgeTI9IiIgc3Ryb2tlPSIjNDQ5RkRCIiBvcGFjaXR5PSIiPjwvbGluZT4KPC9nPgoJPHBhdGggZD0iTTM4LjQ4IDkuMDcwYzAuMjQ4IDAgMC40NSAwLjIwMiAwLjQ1IDAuNDV2MjguOTU5YzAgMC4yNDgtMC4yMDIgMC40NS0wLjQ1IDAuNDVoLTI4Ljk1OWMtMC4yNDggMC0wLjQ1LTAuMjAyLTAuNDUtMC40NXYtMjguOTU5YzAtMC4yNDggMC4yMDItMC40NSAwLjQ1LTAuNDVoMjguOTU5ek0zOC40OCA4aC0yOC45NTljLTAuODQgMC0xLjUyIDAuNjgxLTEuNTIgMS41MjF2MjguOTU5YzAgMC44NCAwLjY4MSAxLjUyMSAxLjUyIDEuNTIxaDI4Ljk1OWMwLjg0IDAgMS41Mi0wLjY4MSAxLjUyLTEuNTIxdi0yOC45NTljMC0wLjg0LTAuNjgxLTEuNTIxLTEuNTItMS41MjF2MHoiIG9wYWNpdHk9IjEiIHZpc2liaWxpdHk9ImZhbHNlIiBmaWxsPSIjZDdkN2Q3Ij48L3BhdGg+Cgk8cGF0aCBkPSJNMTIuMjI4IDM1LjIyNHYtMy4zMjljMC0wLjE0NSAwLjA1OC0wLjI4NSAwLjE2LTAuMzg4bDUuNTg3LTUuNTg3YzAuMjE0LTAuMjE0IDAuNTYxLTAuMjE0IDAuNzc1IDBsMi4xMTkgMi4xMTljMC4yMTQgMC4yMTQgMC41NjEgMC4yMTQgMC43NzUgMGw4LjE5MS04LjE5MmMwLjIxNC0wLjIxNCAwLjU2MS0wLjIxNCAwLjc3NSAwbDUgNWMwLjEwMyAwLjEwMyAwLjE2IDAuMjQyIDAuMTYgMC4zODh2OS45ODhjMCAwLjMwMy0wLjI0NSAwLjU0OC0wLjU0OCAwLjU0OGgtMjIuNDQ3Yy0wLjMwMyAwLTAuNTQ4LTAuMjQ1LTAuNTQ4LTAuNTQ4eiIgb3BhY2l0eT0iMSIgdmlzaWJpbGl0eT0iZmFsc2UiIGZpbGw9IiNkN2Q3ZDciPjwvcGF0aD4KCTxwYXRoIGQ9Ik0yMS41NDQgMTcuOTY3YzAgMS45ODItMS42MDYgMy41ODgtMy41ODggMy41ODhzLTMuNTg4LTEuNjA2LTMuNTg4LTMuNTg4YzAtMS45ODEgMS42MDYtMy41ODggMy41ODgtMy41ODhzMy41ODggMS42MDYgMy41ODggMy41ODh6IiBvcGFjaXR5PSIxIiB2aXNpYmlsaXR5PSJmYWxzZSIgZmlsbD0iI2Q3ZDdkNyI+PC9wYXRoPgo8L3N2Zz4K" alt="Giant Egg Substitutes 99% Egg Product" class="product-grid-image product-grid-cell_main-image"></div><div class="product-grid-cell_price-tag product-grid-cell_price-tag--full-tile"><div class="product-tile_detail"><div class="product-grid-cell_price-container"><span role="link" class="product-grid-cell_main-price"> $4.59 </span><!----></div></div><div class="product-tile_detail-title"><div data-v-7b5b6b2c="" role="link" tabindex="0" class="product-grid-cell_name"><h3 data-v-7b5b6b2c="" aria-label="Giant Egg Substitutes 99% Egg Product" class="product-grid-cell_name-text product-grid-cell_name-text--small"><span data-v-7b5b6b2c="" class="vector-icon_inline-text--left"><div data-v-7b5b6b2c="" class="vector-icon-size--xsmall"><svg xmlns="http://www.w3.org/2000/svg" aria-label="Ahold Icon" viewBox="0 0 1024 945" role="presentation" aria-hidden="true" focusable="false" class=""><title lang="en">Ahold Icon</title><desc></desc><g fill="" stroke=""><g data-v-7b5b6b2c=""><path data-v-7b5b6b2c="" d="M1.893 730.617c-1.289-2.094-2.052-4.631-2.052-7.346 0-0.747 0.058-1.481 0.169-2.197 0.158-12.396 10.227-22.466 22.687-22.634l895.306-0c12.476 0.168 22.545 10.237 22.713 22.698-0.521 3.721-1.182 6.924-2.024 10.053l0.131-0.574c-86.363 175.072-263.598 293.385-468.466 293.385s-382.103-118.313-467.105-290.339l-1.361-3.046z" fill="rgb(247, 168, 0)" class="path1"></path><path data-v-7b5b6b2c="" d="M107.889 132.495c1.893-1.893 1.893-3.786 3.786-5.678 2.98-3.491 7.385-5.69 12.303-5.69s9.323 2.199 12.284 5.668l0.019 0.022 476.983 476.983c3.491 2.98 5.69 7.385 5.69 12.303s-2.199 9.323-5.668 12.284c-1.399 1.869-3.361 3.216-5.631 3.789l-0.069 0.015c-38.446 13.732-82.796 21.669-129.001 21.669-108.416 0-206.626-43.699-277.977-114.443-70.367-71.826-113.809-170.317-113.809-278.955 0-45.803 7.722-89.803 21.936-130.767l-0.845 2.8z" fill="rgb(226, 35, 26)" class="path2"></path><path data-v-7b5b6b2c="" d="M600.015 1.893c1.247-1.204 2.948-1.946 4.822-1.946 0.302 0 0.6 0.019 0.891 0.057 0.057-0.006 0.164-0.007 0.272-0.007 7.15 0 12.947 5.796 12.947 12.947 0 0.108-0.001 0.215-0.004 0.322l0-0.016v503.482c0.002 0.091 0.004 0.199 0.004 0.306 0 7.15-5.796 12.947-12.947 12.947-0.108 0-0.215-0.001-0.322-0.004-0.241 0.034-0.539 0.053-0.841 0.053-1.874 0-3.574-0.742-4.824-1.948l0.002 0.002c-98.273-48.542-164.673-148.065-164.673-263.098s66.401-214.556 162.964-262.333l1.709-0.765z" fill="rgb(113, 33, 119)" class="path3"></path><path data-v-7b5b6b2c="" d="M938.824 283.919c1.893 0 1.893 1.893 3.786 1.893 1.765 2.012 2.841 4.666 2.841 7.571s-1.077 5.559-2.853 7.584l0.011-0.013-268.776 266.884c-2.012 1.765-4.666 2.841-7.571 2.841s-5.559-1.077-7.584-2.853c-1.144-0.651-1.911-1.879-1.911-3.285 0-0.172 0.012-0.342 0.034-0.508l-0.002 0.019c-7.681-21.529-12.12-46.363-12.12-72.235 0-61.263 24.891-116.712 65.111-156.786 39.326-39.792 93.895-64.431 154.219-64.431 26.857 0 52.573 4.884 76.309 13.812l-1.494-0.493z" fill="rgb(130, 188, 0)" class="path4"></path></g></g></svg></div></span> Giant Egg Substitutes 99% Egg Product </h3></div><div role="link" class="product-grid-cell_sizes"><span class="product-grid-cell_size"> 32 OZ CTN </span><span aria-hidden="true"> | </span><!----><span class="product-grid-cell_unit"> $0.14 / OZ </span></div><!----></div><div class="product-grid-cell_promo-name"><!----><!----><!----><!----><!----></div><!----><div class="margin-top--one"><!----><div data-v-4e03913c="" class="pdl-add-to-cart"><div data-v-4e03913c="" class="pdl-add-to-cart_button"><button data-v-4e03913c="" aria-label="Add to Cart" data-product-id="138875" data-price="4.59" class="button button--add-to-cart"> Add to Cart <!----></button><!----></div><!----></div></div><!----></div></div><!----><!----><div class="product-tile_action-items"><!----><!----><div class="shopping-list-menu_container"><div><button aria-label="add to shopping list" class="button pdl-product-detail_top-icon button--fourth pdl-product-detail_top-icon--borderless"><!----><div class="vector-icon-size--large"><svg xmlns="http://www.w3.org/2000/svg" aria-label="Shopping List Icon Add" viewBox="0 0 32 32" role="presentation" aria-hidden="true" focusable="false" class="vector-icon-color--dark-grey"><title lang="en">Shopping List Icon Add</title><desc></desc><g fill="" stroke=""><path d="M21.94066,15.3368884 L21.94066,12.8931995 C21.94066,12.3409148 22.3883752,11.8931995 22.94066,11.8931995 C23.4929447,11.8931995 23.94066,12.3409148 23.94066,12.8931995 L23.94066,15.3368884 L26.2522624,15.3368884 C26.8045471,15.3368884 27.2522624,15.7846037 27.2522624,16.3368884 C27.2522624,16.8891732 26.8045471,17.3368884 26.2522624,17.3368884 L23.94066,17.3368884 L23.94066,19.8787952 C23.94066,20.43108 23.4929447,20.8787952 22.94066,20.8787952 C22.3883752,20.8787952 21.94066,20.43108 21.94066,19.8787952 L21.94066,17.3368884 L19.2666667,17.3368884 C18.7143819,17.3368884 18.2666667,16.8891732 18.2666667,16.3368884 C18.2666667,15.7846037 18.7143819,15.3368884 19.2666667,15.3368884 L21.94066,15.3368884 Z M8,12 C7.44771525,12 7,11.5522847 7,11 C7,10.4477153 7.44771525,10 8,10 L19.1153581,10 C19.6676429,10 20.1153581,10.4477153 20.1153581,11 C20.1153581,11.5522847 19.6676429,12 19.1153581,12 L8,12 Z M8,17.3368884 C7.44771525,17.3368884 7,16.8891732 7,16.3368884 C7,15.7846037 7.44771525,15.3368884 8,15.3368884 L14.7200696,15.3368884 C15.2723543,15.3368884 15.7200696,15.7846037 15.7200696,16.3368884 C15.7200696,16.8891732 15.2723543,17.3368884 14.7200696,17.3368884 L8,17.3368884 Z M8,23 C7.44771525,23 7,22.5522847 7,22 C7,21.4477153 7.44771525,21 8,21 L19.1153581,21 C19.6676429,21 20.1153581,21.4477153 20.1153581,22 C20.1153581,22.5522847 19.6676429,23 19.1153581,23 L8,23 Z" fill="#000000" fill-rule="nonzero"></path></g></svg></div><div class="pdl-product-detail_list-tooltip"><p>Add item to shopping list</p><i></i></div></button><!----></div></div></div><!----></li><!----><!----><!----><li id="product-42" tabindex="-1" data-product-id="159238" aria-label="Giant Egg Substitutes 99% Egg Product" class="tile product-cell product-grid-cell"><!----><!----><!----><div class="product-tile_content"><div><!----><div class="flag_outer-container"><!----><!----><!----></div></div><!----><div><img src="data:image/svg+xml;base64,PD94bWwgdmVyc2lvbj0iMS4wIiBlbmNvZGluZz0idXRmLTgiPz4KPCEtLSBHZW5lcmF0ZWQgYnkgSWNvTW9vbi5pbyAtLT4KPCFET0NUWVBFIHN2ZyBQVUJMSUMgIi0vL1czQy8vRFREIFNWRyAxLjEvL0VOIiAiaHR0cDovL3d3dy53My5vcmcvR3JhcGhpY3MvU1ZHLzEuMS9EVEQvc3ZnMTEuZHRkIj4KPHN2ZyB2ZXJzaW9uPSIxLjEiIHhtbG5zPSJodHRwOi8vd3d3LnczLm9yZy8yMDAwL3N2ZyIgeG1sbnM6eGxpbms9Imh0dHA6Ly93d3cudzMub3JnLzE5OTkveGxpbmsiIHdpZHRoPSI0OCIgaGVpZ2h0PSI0OCIgdmlld0JveD0iMCAwIDQ4IDQ4Ij4KPGcgaWQ9Imljb21vb24taWdub3JlIj4KCTxsaW5lIHN0cm9rZS13aWR0aD0iMSIgeDE9IiIgeTE9IiIgeDI9IiIgeTI9IiIgc3Ryb2tlPSIjNDQ5RkRCIiBvcGFjaXR5PSIiPjwvbGluZT4KPC9nPgoJPHBhdGggZD0iTTM4LjQ4IDkuMDcwYzAuMjQ4IDAgMC40NSAwLjIwMiAwLjQ1IDAuNDV2MjguOTU5YzAgMC4yNDgtMC4yMDIgMC40NS0wLjQ1IDAuNDVoLTI4Ljk1OWMtMC4yNDggMC0wLjQ1LTAuMjAyLTAuNDUtMC40NXYtMjguOTU5YzAtMC4yNDggMC4yMDItMC40NSAwLjQ1LTAuNDVoMjguOTU5ek0zOC40OCA4aC0yOC45NTljLTAuODQgMC0xLjUyIDAuNjgxLTEuNTIgMS41MjF2MjguOTU5YzAgMC44NCAwLjY4MSAxLjUyMSAxLjUyIDEuNTIxaDI4Ljk1OWMwLjg0IDAgMS41Mi0wLjY4MSAxLjUyLTEuNTIxdi0yOC45NTljMC0wLjg0LTAuNjgxLTEuNTIxLTEuNTItMS41MjF2MHoiIG9wYWNpdHk9IjEiIHZpc2liaWxpdHk9ImZhbHNlIiBmaWxsPSIjZDdkN2Q3Ij48L3BhdGg+Cgk8cGF0aCBkPSJNMTIuMjI4IDM1LjIyNHYtMy4zMjljMC0wLjE0NSAwLjA1OC0wLjI4NSAwLjE2LTAuMzg4bDUuNTg3LTUuNTg3YzAuMjE0LTAuMjE0IDAuNTYxLTAuMjE0IDAuNzc1IDBsMi4xMTkgMi4xMTljMC4yMTQgMC4yMTQgMC41NjEgMC4yMTQgMC43NzUgMGw4LjE5MS04LjE5MmMwLjIxNC0wLjIxNCAwLjU2MS0wLjIxNCAwLjc3NSAwbDUgNWMwLjEwMyAwLjEwMyAwLjE2IDAuMjQyIDAuMTYgMC4zODh2OS45ODhjMCAwLjMwMy0wLjI0NSAwLjU0OC0wLjU0OCAwLjU0OGgtMjIuNDQ3Yy0wLjMwMyAwLTAuNTQ4LTAuMjQ1LTAuNTQ4LTAuNTQ4eiIgb3BhY2l0eT0iMSIgdmlzaWJpbGl0eT0iZmFsc2UiIGZpbGw9IiNkN2Q3ZDciPjwvcGF0aD4KCTxwYXRoIGQ9Ik0yMS41NDQgMTcuOTY3YzAgMS45ODItMS42MDYgMy41ODgtMy41ODggMy41ODhzLTMuNTg4LTEuNjA2LTMuNTg4LTMuNTg4YzAtMS45ODEgMS42MDYtMy41ODggMy41ODgtMy41ODhzMy41ODggMS42MDYgMy41ODggMy41ODh6IiBvcGFjaXR5PSIxIiB2aXNpYmlsaXR5PSJmYWxzZSIgZmlsbD0iI2Q3ZDdkNyI+PC9wYXRoPgo8L3N2Zz4K" alt="Giant Egg Substitutes 99% Egg Product" class="product-grid-image product-grid-cell_main-image"></div><div class="product-grid-cell_price-tag product-grid-cell_price-tag--full-tile"><div class="product-tile_detail"><div class="product-grid-cell_price-container"><span role="link" class="product-grid-cell_main-price"> $2.69 </span><!----></div></div><div class="product-tile_detail-title"><div data-v-7b5b6b2c="" role="link" tabindex="0" class="product-grid-cell_name"><h3 data-v-7b5b6b2c="" aria-label="Giant Egg Substitutes 99% Egg Product" class="product-grid-cell_name-text product-grid-cell_name-text--small"><span data-v-7b5b6b2c="" class="vector-icon_inline-text--left"><div data-v-7b5b6b2c="" class="vector-icon-size--xsmall"><svg xmlns="http://www.w3.org/2000/svg" aria-label="Ahold Icon" viewBox="0 0 1024 945" role="presentation" aria-hidden="true" focusable="false" class=""><title lang="en">Ahold Icon</title><desc></desc><g fill="" stroke=""><g data-v-7b5b6b2c=""><path data-v-7b5b6b2c="" d="M1.893 730.617c-1.289-2.094-2.052-4.631-2.052-7.346 0-0.747 0.058-1.481 0.169-2.197 0.158-12.396 10.227-22.466 22.687-22.634l895.306-0c12.476 0.168 22.545 10.237 22.713 22.698-0.521 3.721-1.182 6.924-2.024 10.053l0.131-0.574c-86.363 175.072-263.598 293.385-468.466 293.385s-382.103-118.313-467.105-290.339l-1.361-3.046z" fill="rgb(247, 168, 0)" class="path1"></path><path data-v-7b5b6b2c="" d="M107.889 132.495c1.893-1.893 1.893-3.786 3.786-5.678 2.98-3.491 7.385-5.69 12.303-5.69s9.323 2.199 12.284 5.668l0.019 0.022 476.983 476.983c3.491 2.98 5.69 7.385 5.69 12.303s-2.199 9.323-5.668 12.284c-1.399 1.869-3.361 3.216-5.631 3.789l-0.069 0.015c-38.446 13.732-82.796 21.669-129.001 21.669-108.416 0-206.626-43.699-277.977-114.443-70.367-71.826-113.809-170.317-113.809-278.955 0-45.803 7.722-89.803 21.936-130.767l-0.845 2.8z" fill="rgb(226, 35, 26)" class="path2"></path><path data-v-7b5b6b2c="" d="M600.015 1.893c1.247-1.204 2.948-1.946 4.822-1.946 0.302 0 0.6 0.019 0.891 0.057 0.057-0.006 0.164-0.007 0.272-0.007 7.15 0 12.947 5.796 12.947 12.947 0 0.108-0.001 0.215-0.004 0.322l0-0.016v503.482c0.002 0.091 0.004 0.199 0.004 0.306 0 7.15-5.796 12.947-12.947 12.947-0.108 0-0.215-0.001-0.322-0.004-0.241 0.034-0.539 0.053-0.841 0.053-1.874 0-3.574-0.742-4.824-1.948l0.002 0.002c-98.273-48.542-164.673-148.065-164.673-263.098s66.401-214.556 162.964-262.333l1.709-0.765z" fill="rgb(113, 33, 119)" class="path3"></path><path data-v-7b5b6b2c="" d="M938.824 283.919c1.893 0 1.893 1.893 3.786 1.893 1.765 2.012 2.841 4.666 2.841 7.571s-1.077 5.559-2.853 7.584l0.011-0.013-268.776 266.884c-2.012 1.765-4.666 2.841-7.571 2.841s-5.559-1.077-7.584-2.853c-1.144-0.651-1.911-1.879-1.911-3.285 0-0.172 0.012-0.342 0.034-0.508l-0.002 0.019c-7.681-21.529-12.12-46.363-12.12-72.235 0-61.263 24.891-116.712 65.111-156.786 39.326-39.792 93.895-64.431 154.219-64.431 26.857 0 52.573 4.884 76.309 13.812l-1.494-0.493z" fill="rgb(130, 188, 0)" class="path4"></path></g></g></svg></div></span> Giant Egg Substitutes 99% Egg Product </h3></div><div role="link" class="product-grid-cell_sizes"><span class="product-grid-cell_size"> 16 OZ CTN </span><span aria-hidden="true"> | </span><!----><span class="product-grid-cell_unit"> $0.17 / OZ </span></div><!----></div><div class="product-grid-cell_promo-name"><!----><!----><!----><!----><!----></div><!----><div class="margin-top--one"><!----><div data-v-4e03913c="" class="pdl-add-to-cart"><div data-v-4e03913c="" class="pdl-add-to-cart_button"><button data-v-4e03913c="" aria-label="Add to Cart" data-product-id="159238" data-price="2.69" class="button button--add-to-cart"> Add to Cart <!----></button><!----></div><!----></div></div><!----></div></div><!----><!----><div class="product-tile_action-items"><!----><!----><div class="shopping-list-menu_container"><div><button aria-label="add to shopping list" class="button pdl-product-detail_top-icon button--fourth pdl-product-detail_top-icon--borderless"><!----><div class="vector-icon-size--large"><svg xmlns="http://www.w3.org/2000/svg" aria-label="Shopping List Icon Add" viewBox="0 0 32 32" role="presentation" aria-hidden="true" focusable="false" class="vector-icon-color--dark-grey"><title lang="en">Shopping List Icon Add</title><desc></desc><g fill="" stroke=""><path d="M21.94066,15.3368884 L21.94066,12.8931995 C21.94066,12.3409148 22.3883752,11.8931995 22.94066,11.8931995 C23.4929447,11.8931995 23.94066,12.3409148 23.94066,12.8931995 L23.94066,15.3368884 L26.2522624,15.3368884 C26.8045471,15.3368884 27.2522624,15.7846037 27.2522624,16.3368884 C27.2522624,16.8891732 26.8045471,17.3368884 26.2522624,17.3368884 L23.94066,17.3368884 L23.94066,19.8787952 C23.94066,20.43108 23.4929447,20.8787952 22.94066,20.8787952 C22.3883752,20.8787952 21.94066,20.43108 21.94066,19.8787952 L21.94066,17.3368884 L19.2666667,17.3368884 C18.7143819,17.3368884 18.2666667,16.8891732 18.2666667,16.3368884 C18.2666667,15.7846037 18.7143819,15.3368884 19.2666667,15.3368884 L21.94066,15.3368884 Z M8,12 C7.44771525,12 7,11.5522847 7,11 C7,10.4477153 7.44771525,10 8,10 L19.1153581,10 C19.6676429,10 20.1153581,10.4477153 20.1153581,11 C20.1153581,11.5522847 19.6676429,12 19.1153581,12 L8,12 Z M8,17.3368884 C7.44771525,17.3368884 7,16.8891732 7,16.3368884 C7,15.7846037 7.44771525,15.3368884 8,15.3368884 L14.7200696,15.3368884 C15.2723543,15.3368884 15.7200696,15.7846037 15.7200696,16.3368884 C15.7200696,16.8891732 15.2723543,17.3368884 14.7200696,17.3368884 L8,17.3368884 Z M8,23 C7.44771525,23 7,22.5522847 7,22 C7,21.4477153 7.44771525,21 8,21 L19.1153581,21 C19.6676429,21 20.1153581,21.4477153 20.1153581,22 C20.1153581,22.5522847 19.6676429,23 19.1153581,23 L8,23 Z" fill="#000000" fill-rule="nonzero"></path></g></svg></div><div class="pdl-product-detail_list-tooltip"><p>Add item to shopping list</p><i></i></div></button><!----></div></div></div><!----></li><!----><!----><!----><li id="product-43" tabindex="-1" data-product-id="227567" aria-label="Ore-Ida Just Crack an Egg Ultimate Scramble Kit" class="tile product-cell product-grid-cell"><!----><!----><!----><div class="product-tile_content"><div><!----><div class="flag_outer-container"><span class="flag_label flag_label--tomato"> Sale </span><!----><!----></div></div><!----><div><img src="data:image/svg+xml;base64,PD94bWwgdmVyc2lvbj0iMS4wIiBlbmNvZGluZz0idXRmLTgiPz4KPCEtLSBHZW5lcmF0ZWQgYnkgSWNvTW9vbi5pbyAtLT4KPCFET0NUWVBFIHN2ZyBQVUJMSUMgIi0vL1czQy8vRFREIFNWRyAxLjEvL0VOIiAiaHR0cDovL3d3dy53My5vcmcvR3JhcGhpY3MvU1ZHLzEuMS9EVEQvc3ZnMTEuZHRkIj4KPHN2ZyB2ZXJzaW9uPSIxLjEiIHhtbG5zPSJodHRwOi8vd3d3LnczLm9yZy8yMDAwL3N2ZyIgeG1sbnM6eGxpbms9Imh0dHA6Ly93d3cudzMub3JnLzE5OTkveGxpbmsiIHdpZHRoPSI0OCIgaGVpZ2h0PSI0OCIgdmlld0JveD0iMCAwIDQ4IDQ4Ij4KPGcgaWQ9Imljb21vb24taWdub3JlIj4KCTxsaW5lIHN0cm9rZS13aWR0aD0iMSIgeDE9IiIgeTE9IiIgeDI9IiIgeTI9IiIgc3Ryb2tlPSIjNDQ5RkRCIiBvcGFjaXR5PSIiPjwvbGluZT4KPC9nPgoJPHBhdGggZD0iTTM4LjQ4IDkuMDcwYzAuMjQ4IDAgMC40NSAwLjIwMiAwLjQ1IDAuNDV2MjguOTU5YzAgMC4yNDgtMC4yMDIgMC40NS0wLjQ1IDAuNDVoLTI4Ljk1OWMtMC4yNDggMC0wLjQ1LTAuMjAyLTAuNDUtMC40NXYtMjguOTU5YzAtMC4yNDggMC4yMDItMC40NSAwLjQ1LTAuNDVoMjguOTU5ek0zOC40OCA4aC0yOC45NTljLTAuODQgMC0xLjUyIDAuNjgxLTEuNTIgMS41MjF2MjguOTU5YzAgMC44NCAwLjY4MSAxLjUyMSAxLjUyIDEuNTIxaDI4Ljk1OWMwLjg0IDAgMS41Mi0wLjY4MSAxLjUyLTEuNTIxdi0yOC45NTljMC0wLjg0LTAuNjgxLTEuNTIxLTEuNTItMS41MjF2MHoiIG9wYWNpdHk9IjEiIHZpc2liaWxpdHk9ImZhbHNlIiBmaWxsPSIjZDdkN2Q3Ij48L3BhdGg+Cgk8cGF0aCBkPSJNMTIuMjI4IDM1LjIyNHYtMy4zMjljMC0wLjE0NSAwLjA1OC0wLjI4NSAwLjE2LTAuMzg4bDUuNTg3LTUuNTg3YzAuMjE0LTAuMjE0IDAuNTYxLTAuMjE0IDAuNzc1IDBsMi4xMTkgMi4xMTljMC4yMTQgMC4yMTQgMC41NjEgMC4yMTQgMC43NzUgMGw4LjE5MS04LjE5MmMwLjIxNC0wLjIxNCAwLjU2MS0wLjIxNCAwLjc3NSAwbDUgNWMwLjEwMyAwLjEwMyAwLjE2IDAuMjQyIDAuMTYgMC4zODh2OS45ODhjMCAwLjMwMy0wLjI0NSAwLjU0OC0wLjU0OCAwLjU0OGgtMjIuNDQ3Yy0wLjMwMyAwLTAuNTQ4LTAuMjQ1LTAuNTQ4LTAuNTQ4eiIgb3BhY2l0eT0iMSIgdmlzaWJpbGl0eT0iZmFsc2UiIGZpbGw9IiNkN2Q3ZDciPjwvcGF0aD4KCTxwYXRoIGQ9Ik0yMS41NDQgMTcuOTY3YzAgMS45ODItMS42MDYgMy41ODgtMy41ODggMy41ODhzLTMuNTg4LTEuNjA2LTMuNTg4LTMuNTg4YzAtMS45ODEgMS42MDYtMy41ODggMy41ODgtMy41ODhzMy41ODggMS42MDYgMy41ODggMy41ODh6IiBvcGFjaXR5PSIxIiB2aXNpYmlsaXR5PSJmYWxzZSIgZmlsbD0iI2Q3ZDdkNyI+PC9wYXRoPgo8L3N2Zz4K" alt="Ore-Ida Just Crack an Egg Ultimate Scramble Kit" class="product-grid-image product-grid-cell_main-image"></div><div class="product-grid-cell_price-tag product-grid-cell_price-tag--full-tile"><div class="product-tile_detail"><div class="product-grid-cell_price-container product-grid-cell_price-container_column"><span role="link" class="product-grid-cell_main-price product-grid-cell_main-price--on-sale"> $2.00 </span><div class="product-grid-cell_was-container"><span class="product-grid-cell_regular-price product-grid-cell_regular-price--small"> $2.49 </span></div></div></div><div class="product-tile_detail-title"><div data-v-7b5b6b2c="" role="link" tabindex="0" class="product-grid-cell_name"><h3 data-v-7b5b6b2c="" aria-label="Ore-Ida Just Crack an Egg Ultimate Scramble Kit" class="product-grid-cell_name-text product-grid-cell_name-text--small"><!----> Ore-Ida Just Crack an Egg Ultimate Scramble Kit </h3></div><div role="link" class="product-grid-cell_sizes"><span class="product-grid-cell_size"> 3 OZ CUP </span><span aria-hidden="true"> | </span><!----><span class="product-grid-cell_unit"> $0.67 / OZ </span></div><!----></div><div class="product-grid-cell_promo-name"><!----><!----><!----><!----><!----></div><!----><div class="margin-top--one"><!----><div data-v-4e03913c="" class="pdl-add-to-cart"><div data-v-4e03913c="" class="pdl-add-to-cart_button"><button data-v-4e03913c="" aria-label="Add to Cart" data-product-id="227567" data-price="2" class="button button--add-to-cart"> Add to Cart <!----></button><!----></div><!----></div></div><!----></div></div><!----><!----><div class="product-tile_action-items"><!----><!----><div class="shopping-list-menu_container"><div><button aria-label="add to shopping list" class="button pdl-product-detail_top-icon button--fourth pdl-product-detail_top-icon--borderless"><!----><div class="vector-icon-size--large"><svg xmlns="http://www.w3.org/2000/svg" aria-label="Shopping List Icon Add" viewBox="0 0 32 32" role="presentation" aria-hidden="true" focusable="false" class="vector-icon-color--dark-grey"><title lang="en">Shopping List Icon Add</title><desc></desc><g fill="" stroke=""><path d="M21.94066,15.3368884 L21.94066,12.8931995 C21.94066,12.3409148 22.3883752,11.8931995 22.94066,11.8931995 C23.4929447,11.8931995 23.94066,12.3409148 23.94066,12.8931995 L23.94066,15.3368884 L26.2522624,15.3368884 C26.8045471,15.3368884 27.2522624,15.7846037 27.2522624,16.3368884 C27.2522624,16.8891732 26.8045471,17.3368884 26.2522624,17.3368884 L23.94066,17.3368884 L23.94066,19.8787952 C23.94066,20.43108 23.4929447,20.8787952 22.94066,20.8787952 C22.3883752,20.8787952 21.94066,20.43108 21.94066,19.8787952 L21.94066,17.3368884 L19.2666667,17.3368884 C18.7143819,17.3368884 18.2666667,16.8891732 18.2666667,16.3368884 C18.2666667,15.7846037 18.7143819,15.3368884 19.2666667,15.3368884 L21.94066,15.3368884 Z M8,12 C7.44771525,12 7,11.5522847 7,11 C7,10.4477153 7.44771525,10 8,10 L19.1153581,10 C19.6676429,10 20.1153581,10.4477153 20.1153581,11 C20.1153581,11.5522847 19.6676429,12 19.1153581,12 L8,12 Z M8,17.3368884 C7.44771525,17.3368884 7,16.8891732 7,16.3368884 C7,15.7846037 7.44771525,15.3368884 8,15.3368884 L14.7200696,15.3368884 C15.2723543,15.3368884 15.7200696,15.7846037 15.7200696,16.3368884 C15.7200696,16.8891732 15.2723543,17.3368884 14.7200696,17.3368884 L8,17.3368884 Z M8,23 C7.44771525,23 7,22.5522847 7,22 C7,21.4477153 7.44771525,21 8,21 L19.1153581,21 C19.6676429,21 20.1153581,21.4477153 20.1153581,22 C20.1153581,22.5522847 19.6676429,23 19.1153581,23 L8,23 Z" fill="#000000" fill-rule="nonzero"></path></g></svg></div><div class="pdl-product-detail_list-tooltip"><p>Add item to shopping list</p><i></i></div></button><!----></div></div></div><!----></li><!----><!----><!----><li id="product-44" tabindex="-1" data-product-id="227443" aria-label="Ore-Ida Just Crack an Egg Denver Scramble Kit" class="tile product-cell product-grid-cell"><!----><!----><!----><div class="product-tile_content"><div><!----><div class="flag_outer-container"><span class="flag_label flag_label--tomato"> Sale </span><!----><!----></div></div><!----><div><img src="data:image/svg+xml;base64,PD94bWwgdmVyc2lvbj0iMS4wIiBlbmNvZGluZz0idXRmLTgiPz4KPCEtLSBHZW5lcmF0ZWQgYnkgSWNvTW9vbi5pbyAtLT4KPCFET0NUWVBFIHN2ZyBQVUJMSUMgIi0vL1czQy8vRFREIFNWRyAxLjEvL0VOIiAiaHR0cDovL3d3dy53My5vcmcvR3JhcGhpY3MvU1ZHLzEuMS9EVEQvc3ZnMTEuZHRkIj4KPHN2ZyB2ZXJzaW9uPSIxLjEiIHhtbG5zPSJodHRwOi8vd3d3LnczLm9yZy8yMDAwL3N2ZyIgeG1sbnM6eGxpbms9Imh0dHA6Ly93d3cudzMub3JnLzE5OTkveGxpbmsiIHdpZHRoPSI0OCIgaGVpZ2h0PSI0OCIgdmlld0JveD0iMCAwIDQ4IDQ4Ij4KPGcgaWQ9Imljb21vb24taWdub3JlIj4KCTxsaW5lIHN0cm9rZS13aWR0aD0iMSIgeDE9IiIgeTE9IiIgeDI9IiIgeTI9IiIgc3Ryb2tlPSIjNDQ5RkRCIiBvcGFjaXR5PSIiPjwvbGluZT4KPC9nPgoJPHBhdGggZD0iTTM4LjQ4IDkuMDcwYzAuMjQ4IDAgMC40NSAwLjIwMiAwLjQ1IDAuNDV2MjguOTU5YzAgMC4yNDgtMC4yMDIgMC40NS0wLjQ1IDAuNDVoLTI4Ljk1OWMtMC4yNDggMC0wLjQ1LTAuMjAyLTAuNDUtMC40NXYtMjguOTU5YzAtMC4yNDggMC4yMDItMC40NSAwLjQ1LTAuNDVoMjguOTU5ek0zOC40OCA4aC0yOC45NTljLTAuODQgMC0xLjUyIDAuNjgxLTEuNTIgMS41MjF2MjguOTU5YzAgMC44NCAwLjY4MSAxLjUyMSAxLjUyIDEuNTIxaDI4Ljk1OWMwLjg0IDAgMS41Mi0wLjY4MSAxLjUyLTEuNTIxdi0yOC45NTljMC0wLjg0LTAuNjgxLTEuNTIxLTEuNTItMS41MjF2MHoiIG9wYWNpdHk9IjEiIHZpc2liaWxpdHk9ImZhbHNlIiBmaWxsPSIjZDdkN2Q3Ij48L3BhdGg+Cgk8cGF0aCBkPSJNMTIuMjI4IDM1LjIyNHYtMy4zMjljMC0wLjE0NSAwLjA1OC0wLjI4NSAwLjE2LTAuMzg4bDUuNTg3LTUuNTg3YzAuMjE0LTAuMjE0IDAuNTYxLTAuMjE0IDAuNzc1IDBsMi4xMTkgMi4xMTljMC4yMTQgMC4yMTQgMC41NjEgMC4yMTQgMC43NzUgMGw4LjE5MS04LjE5MmMwLjIxNC0wLjIxNCAwLjU2MS0wLjIxNCAwLjc3NSAwbDUgNWMwLjEwMyAwLjEwMyAwLjE2IDAuMjQyIDAuMTYgMC4zODh2OS45ODhjMCAwLjMwMy0wLjI0NSAwLjU0OC0wLjU0OCAwLjU0OGgtMjIuNDQ3Yy0wLjMwMyAwLTAuNTQ4LTAuMjQ1LTAuNTQ4LTAuNTQ4eiIgb3BhY2l0eT0iMSIgdmlzaWJpbGl0eT0iZmFsc2UiIGZpbGw9IiNkN2Q3ZDciPjwvcGF0aD4KCTxwYXRoIGQ9Ik0yMS41NDQgMTcuOTY3YzAgMS45ODItMS42MDYgMy41ODgtMy41ODggMy41ODhzLTMuNTg4LTEuNjA2LTMuNTg4LTMuNTg4YzAtMS45ODEgMS42MDYtMy41ODggMy41ODgtMy41ODhzMy41ODggMS42MDYgMy41ODggMy41ODh6IiBvcGFjaXR5PSIxIiB2aXNpYmlsaXR5PSJmYWxzZSIgZmlsbD0iI2Q3ZDdkNyI+PC9wYXRoPgo8L3N2Zz4K" alt="Ore-Ida Just Crack an Egg Denver Scramble Kit" class="product-grid-image product-grid-cell_main-image"></div><div class="product-grid-cell_price-tag product-grid-cell_price-tag--full-tile"><div class="product-tile_detail"><div class="product-grid-cell_price-container product-grid-cell_price-container_column"><span role="link" class="product-grid-cell_main-price product-grid-cell_main-price--on-sale"> $2.00 </span><div class="product-grid-cell_was-container"><span class="product-grid-cell_regular-price product-grid-cell_regular-price--small"> $2.49 </span></div></div></div><div class="product-tile_detail-title"><div data-v-7b5b6b2c="" role="link" tabindex="0" class="product-grid-cell_name"><h3 data-v-7b5b6b2c="" aria-label="Ore-Ida Just Crack an Egg Denver Scramble Kit" class="product-grid-cell_name-text product-grid-cell_name-text--small"><!----> Ore-Ida Just Crack an Egg Denver Scramble Kit </h3></div><div role="link" class="product-grid-cell_sizes"><span class="product-grid-cell_size"> 3 OZ CUP </span><span aria-hidden="true"> | </span><!----><span class="product-grid-cell_unit"> $0.67 / OZ </span></div><!----></div><div class="product-grid-cell_promo-name"><!----><!----><!----><!----><!----></div><!----><div class="margin-top--one"><!----><div data-v-4e03913c="" class="pdl-add-to-cart"><div data-v-4e03913c="" class="pdl-add-to-cart_button"><button data-v-4e03913c="" aria-label="Add to Cart" data-product-id="227443" data-price="2" class="button button--add-to-cart"> Add to Cart <!----></button><!----></div><!----></div></div><!----></div></div><!----><!----><div class="product-tile_action-items"><!----><!----><div class="shopping-list-menu_container"><div><button aria-label="add to shopping list" class="button pdl-product-detail_top-icon button--fourth pdl-product-detail_top-icon--borderless"><!----><div class="vector-icon-size--large"><svg xmlns="http://www.w3.org/2000/svg" aria-label="Shopping List Icon Add" viewBox="0 0 32 32" role="presentation" aria-hidden="true" focusable="false" class="vector-icon-color--dark-grey"><title lang="en">Shopping List Icon Add</title><desc></desc><g fill="" stroke=""><path d="M21.94066,15.3368884 L21.94066,12.8931995 C21.94066,12.3409148 22.3883752,11.8931995 22.94066,11.8931995 C23.4929447,11.8931995 23.94066,12.3409148 23.94066,12.8931995 L23.94066,15.3368884 L26.2522624,15.3368884 C26.8045471,15.3368884 27.2522624,15.7846037 27.2522624,16.3368884 C27.2522624,16.8891732 26.8045471,17.3368884 26.2522624,17.3368884 L23.94066,17.3368884 L23.94066,19.8787952 C23.94066,20.43108 23.4929447,20.8787952 22.94066,20.8787952 C22.3883752,20.8787952 21.94066,20.43108 21.94066,19.8787952 L21.94066,17.3368884 L19.2666667,17.3368884 C18.7143819,17.3368884 18.2666667,16.8891732 18.2666667,16.3368884 C18.2666667,15.7846037 18.7143819,15.3368884 19.2666667,15.3368884 L21.94066,15.3368884 Z M8,12 C7.44771525,12 7,11.5522847 7,11 C7,10.4477153 7.44771525,10 8,10 L19.1153581,10 C19.6676429,10 20.1153581,10.4477153 20.1153581,11 C20.1153581,11.5522847 19.6676429,12 19.1153581,12 L8,12 Z M8,17.3368884 C7.44771525,17.3368884 7,16.8891732 7,16.3368884 C7,15.7846037 7.44771525,15.3368884 8,15.3368884 L14.7200696,15.3368884 C15.2723543,15.3368884 15.7200696,15.7846037 15.7200696,16.3368884 C15.7200696,16.8891732 15.2723543,17.3368884 14.7200696,17.3368884 L8,17.3368884 Z M8,23 C7.44771525,23 7,22.5522847 7,22 C7,21.4477153 7.44771525,21 8,21 L19.1153581,21 C19.6676429,21 20.1153581,21.4477153 20.1153581,22 C20.1153581,22.5522847 19.6676429,23 19.1153581,23 L8,23 Z" fill="#000000" fill-rule="nonzero"></path></g></svg></div><div class="pdl-product-detail_list-tooltip"><p>Add item to shopping list</p><i></i></div></button><!----></div></div></div><!----></li><!----><!----><!----><li id="product-45" tabindex="-1" data-product-id="227566" aria-label="Ore-Ida Just Crack an Egg All American Scramble Kit" class="tile product-cell product-grid-cell"><!----><!----><!----><div class="product-tile_content"><div><!----><div class="flag_outer-container"><span class="flag_label flag_label--tomato"> Sale </span><!----><!----></div></div><!----><div><img src="data:image/svg+xml;base64,PD94bWwgdmVyc2lvbj0iMS4wIiBlbmNvZGluZz0idXRmLTgiPz4KPCEtLSBHZW5lcmF0ZWQgYnkgSWNvTW9vbi5pbyAtLT4KPCFET0NUWVBFIHN2ZyBQVUJMSUMgIi0vL1czQy8vRFREIFNWRyAxLjEvL0VOIiAiaHR0cDovL3d3dy53My5vcmcvR3JhcGhpY3MvU1ZHLzEuMS9EVEQvc3ZnMTEuZHRkIj4KPHN2ZyB2ZXJzaW9uPSIxLjEiIHhtbG5zPSJodHRwOi8vd3d3LnczLm9yZy8yMDAwL3N2ZyIgeG1sbnM6eGxpbms9Imh0dHA6Ly93d3cudzMub3JnLzE5OTkveGxpbmsiIHdpZHRoPSI0OCIgaGVpZ2h0PSI0OCIgdmlld0JveD0iMCAwIDQ4IDQ4Ij4KPGcgaWQ9Imljb21vb24taWdub3JlIj4KCTxsaW5lIHN0cm9rZS13aWR0aD0iMSIgeDE9IiIgeTE9IiIgeDI9IiIgeTI9IiIgc3Ryb2tlPSIjNDQ5RkRCIiBvcGFjaXR5PSIiPjwvbGluZT4KPC9nPgoJPHBhdGggZD0iTTM4LjQ4IDkuMDcwYzAuMjQ4IDAgMC40NSAwLjIwMiAwLjQ1IDAuNDV2MjguOTU5YzAgMC4yNDgtMC4yMDIgMC40NS0wLjQ1IDAuNDVoLTI4Ljk1OWMtMC4yNDggMC0wLjQ1LTAuMjAyLTAuNDUtMC40NXYtMjguOTU5YzAtMC4yNDggMC4yMDItMC40NSAwLjQ1LTAuNDVoMjguOTU5ek0zOC40OCA4aC0yOC45NTljLTAuODQgMC0xLjUyIDAuNjgxLTEuNTIgMS41MjF2MjguOTU5YzAgMC44NCAwLjY4MSAxLjUyMSAxLjUyIDEuNTIxaDI4Ljk1OWMwLjg0IDAgMS41Mi0wLjY4MSAxLjUyLTEuNTIxdi0yOC45NTljMC0wLjg0LTAuNjgxLTEuNTIxLTEuNTItMS41MjF2MHoiIG9wYWNpdHk9IjEiIHZpc2liaWxpdHk9ImZhbHNlIiBmaWxsPSIjZDdkN2Q3Ij48L3BhdGg+Cgk8cGF0aCBkPSJNMTIuMjI4IDM1LjIyNHYtMy4zMjljMC0wLjE0NSAwLjA1OC0wLjI4NSAwLjE2LTAuMzg4bDUuNTg3LTUuNTg3YzAuMjE0LTAuMjE0IDAuNTYxLTAuMjE0IDAuNzc1IDBsMi4xMTkgMi4xMTljMC4yMTQgMC4yMTQgMC41NjEgMC4yMTQgMC43NzUgMGw4LjE5MS04LjE5MmMwLjIxNC0wLjIxNCAwLjU2MS0wLjIxNCAwLjc3NSAwbDUgNWMwLjEwMyAwLjEwMyAwLjE2IDAuMjQyIDAuMTYgMC4zODh2OS45ODhjMCAwLjMwMy0wLjI0NSAwLjU0OC0wLjU0OCAwLjU0OGgtMjIuNDQ3Yy0wLjMwMyAwLTAuNTQ4LTAuMjQ1LTAuNTQ4LTAuNTQ4eiIgb3BhY2l0eT0iMSIgdmlzaWJpbGl0eT0iZmFsc2UiIGZpbGw9IiNkN2Q3ZDciPjwvcGF0aD4KCTxwYXRoIGQ9Ik0yMS41NDQgMTcuOTY3YzAgMS45ODItMS42MDYgMy41ODgtMy41ODggMy41ODhzLTMuNTg4LTEuNjA2LTMuNTg4LTMuNTg4YzAtMS45ODEgMS42MDYtMy41ODggMy41ODgtMy41ODhzMy41ODggMS42MDYgMy41ODggMy41ODh6IiBvcGFjaXR5PSIxIiB2aXNpYmlsaXR5PSJmYWxzZSIgZmlsbD0iI2Q3ZDdkNyI+PC9wYXRoPgo8L3N2Zz4K" alt="Ore-Ida Just Crack an Egg All American Scramble Kit" class="product-grid-image product-grid-cell_main-image"></div><div class="product-grid-cell_price-tag product-grid-cell_price-tag--full-tile"><div class="product-tile_detail"><div class="product-grid-cell_price-container product-grid-cell_price-container_column"><span role="link" class="product-grid-cell_main-price product-grid-cell_main-price--on-sale"> $2.00 </span><div class="product-grid-cell_was-container"><span class="product-grid-cell_regular-price product-grid-cell_regular-price--small"> $2.49 </span></div></div></div><div class="product-tile_detail-title"><div data-v-7b5b6b2c="" role="link" tabindex="0" class="product-grid-cell_name"><h3 data-v-7b5b6b2c="" aria-label="Ore-Ida Just Crack an Egg All American Scramble Kit" class="product-grid-cell_name-text product-grid-cell_name-text--small"><!----> Ore-Ida Just Crack an Egg All American Scramble Kit </h3></div><div role="link" class="product-grid-cell_sizes"><span class="product-grid-cell_size"> 3 OZ CUP </span><span aria-hidden="true"> | </span><!----><span class="product-grid-cell_unit"> $0.67 / OZ </span></div><!----></div><div class="product-grid-cell_promo-name"><!----><!----><!----><!----><!----></div><!----><div class="margin-top--one"><!----><div data-v-4e03913c="" class="pdl-add-to-cart"><div data-v-4e03913c="" class="pdl-add-to-cart_button"><button data-v-4e03913c="" aria-label="Add to Cart" data-product-id="227566" data-price="2" class="button button--add-to-cart"> Add to Cart <!----></button><!----></div><!----></div></div><!----></div></div><!----><!----><div class="product-tile_action-items"><!----><!----><div class="shopping-list-menu_container"><div><button aria-label="add to shopping list" class="button pdl-product-detail_top-icon button--fourth pdl-product-detail_top-icon--borderless"><!----><div class="vector-icon-size--large"><svg xmlns="http://www.w3.org/2000/svg" aria-label="Shopping List Icon Add" viewBox="0 0 32 32" role="presentation" aria-hidden="true" focusable="false" class="vector-icon-color--dark-grey"><title lang="en">Shopping List Icon Add</title><desc></desc><g fill="" stroke=""><path d="M21.94066,15.3368884 L21.94066,12.8931995 C21.94066,12.3409148 22.3883752,11.8931995 22.94066,11.8931995 C23.4929447,11.8931995 23.94066,12.3409148 23.94066,12.8931995 L23.94066,15.3368884 L26.2522624,15.3368884 C26.8045471,15.3368884 27.2522624,15.7846037 27.2522624,16.3368884 C27.2522624,16.8891732 26.8045471,17.3368884 26.2522624,17.3368884 L23.94066,17.3368884 L23.94066,19.8787952 C23.94066,20.43108 23.4929447,20.8787952 22.94066,20.8787952 C22.3883752,20.8787952 21.94066,20.43108 21.94066,19.8787952 L21.94066,17.3368884 L19.2666667,17.3368884 C18.7143819,17.3368884 18.2666667,16.8891732 18.2666667,16.3368884 C18.2666667,15.7846037 18.7143819,15.3368884 19.2666667,15.3368884 L21.94066,15.3368884 Z M8,12 C7.44771525,12 7,11.5522847 7,11 C7,10.4477153 7.44771525,10 8,10 L19.1153581,10 C19.6676429,10 20.1153581,10.4477153 20.1153581,11 C20.1153581,11.5522847 19.6676429,12 19.1153581,12 L8,12 Z M8,17.3368884 C7.44771525,17.3368884 7,16.8891732 7,16.3368884 C7,15.7846037 7.44771525,15.3368884 8,15.3368884 L14.7200696,15.3368884 C15.2723543,15.3368884 15.7200696,15.7846037 15.7200696,16.3368884 C15.7200696,16.8891732 15.2723543,17.3368884 14.7200696,17.3368884 L8,17.3368884 Z M8,23 C7.44771525,23 7,22.5522847 7,22 C7,21.4477153 7.44771525,21 8,21 L19.1153581,21 C19.6676429,21 20.1153581,21.4477153 20.1153581,22 C20.1153581,22.5522847 19.6676429,23 19.1153581,23 L8,23 Z" fill="#000000" fill-rule="nonzero"></path></g></svg></div><div class="pdl-product-detail_list-tooltip"><p>Add item to shopping list</p><i></i></div></button><!----></div></div></div><!----></li><!----><!----><!----><li id="product-46" tabindex="-1" data-product-id="272253" aria-label="Ore-Ida Just Crack An Egg Denver Scramble Kit - 4 ct" class="tile product-cell product-grid-cell"><!----><!----><!----><div class="product-tile_content"><div><!----><div class="flag_outer-container"><!----><!----><!----></div></div><!----><div><img src="./Search Results _ Giant_files/8P53R.jpg" alt="Ore-Ida Just Crack An Egg Denver Scramble Kit - 4 ct" class="product-grid-image product-grid-cell_main-image"></div><div class="product-grid-cell_price-tag product-grid-cell_price-tag--full-tile"><div class="product-tile_detail"><div class="product-grid-cell_price-container"><span role="link" class="product-grid-cell_main-price"> $8.49 </span><!----></div></div><div class="product-tile_detail-title"><div data-v-7b5b6b2c="" role="link" tabindex="0" class="product-grid-cell_name"><h3 data-v-7b5b6b2c="" aria-label="Ore-Ida Just Crack An Egg Denver Scramble Kit - 4 ct" class="product-grid-cell_name-text product-grid-cell_name-text--small"><!----> Ore-Ida Just Crack An Egg Denver Scramble Kit - 4 ct </h3></div><div role="link" class="product-grid-cell_sizes"><span class="product-grid-cell_size"> 12 OZ PKG </span><span aria-hidden="true"> | </span><!----><span class="product-grid-cell_unit"> $0.71 / OZ </span></div><!----></div><div class="product-grid-cell_promo-name"><!----><!----><!----><!----><!----></div><!----><div class="margin-top--one"><!----><div data-v-4e03913c="" class="pdl-add-to-cart"><div data-v-4e03913c="" class="pdl-add-to-cart_button"><button data-v-4e03913c="" aria-label="Add to Cart" data-product-id="272253" data-price="8.49" class="button button--add-to-cart"> Add to Cart <!----></button><!----></div><!----></div></div><!----></div></div><!----><!----><div class="product-tile_action-items"><!----><!----><div class="shopping-list-menu_container"><div><button aria-label="add to shopping list" class="button pdl-product-detail_top-icon button--fourth pdl-product-detail_top-icon--borderless"><!----><div class="vector-icon-size--large"><svg xmlns="http://www.w3.org/2000/svg" aria-label="Shopping List Icon Add" viewBox="0 0 32 32" role="presentation" aria-hidden="true" focusable="false" class="vector-icon-color--dark-grey"><title lang="en">Shopping List Icon Add</title><desc></desc><g fill="" stroke=""><path d="M21.94066,15.3368884 L21.94066,12.8931995 C21.94066,12.3409148 22.3883752,11.8931995 22.94066,11.8931995 C23.4929447,11.8931995 23.94066,12.3409148 23.94066,12.8931995 L23.94066,15.3368884 L26.2522624,15.3368884 C26.8045471,15.3368884 27.2522624,15.7846037 27.2522624,16.3368884 C27.2522624,16.8891732 26.8045471,17.3368884 26.2522624,17.3368884 L23.94066,17.3368884 L23.94066,19.8787952 C23.94066,20.43108 23.4929447,20.8787952 22.94066,20.8787952 C22.3883752,20.8787952 21.94066,20.43108 21.94066,19.8787952 L21.94066,17.3368884 L19.2666667,17.3368884 C18.7143819,17.3368884 18.2666667,16.8891732 18.2666667,16.3368884 C18.2666667,15.7846037 18.7143819,15.3368884 19.2666667,15.3368884 L21.94066,15.3368884 Z M8,12 C7.44771525,12 7,11.5522847 7,11 C7,10.4477153 7.44771525,10 8,10 L19.1153581,10 C19.6676429,10 20.1153581,10.4477153 20.1153581,11 C20.1153581,11.5522847 19.6676429,12 19.1153581,12 L8,12 Z M8,17.3368884 C7.44771525,17.3368884 7,16.8891732 7,16.3368884 C7,15.7846037 7.44771525,15.3368884 8,15.3368884 L14.7200696,15.3368884 C15.2723543,15.3368884 15.7200696,15.7846037 15.7200696,16.3368884 C15.7200696,16.8891732 15.2723543,17.3368884 14.7200696,17.3368884 L8,17.3368884 Z M8,23 C7.44771525,23 7,22.5522847 7,22 C7,21.4477153 7.44771525,21 8,21 L19.1153581,21 C19.6676429,21 20.1153581,21.4477153 20.1153581,22 C20.1153581,22.5522847 19.6676429,23 19.1153581,23 L8,23 Z" fill="#000000" fill-rule="nonzero"></path></g></svg></div><div class="pdl-product-detail_list-tooltip"><p>Add item to shopping list</p><i></i></div></button><!----></div></div></div><!----></li><!----><!----><!----><li id="product-47" tabindex="-1" data-product-id="276762" aria-label="Ore-Ida Just Crack an Egg Protein Packed Scramble Kit" class="tile product-cell product-grid-cell"><!----><!----><!----><div class="product-tile_content"><div><!----><div class="flag_outer-container"><span class="flag_label flag_label--tomato"> Sale </span><!----><!----></div></div><!----><div><img src="./Search Results _ Giant_files/IEH5N.png" alt="Ore-Ida Just Crack an Egg Protein Packed Scramble Kit" class="product-grid-image product-grid-cell_main-image"></div><div class="product-grid-cell_price-tag product-grid-cell_price-tag--full-tile"><div class="product-tile_detail"><div class="product-grid-cell_price-container product-grid-cell_price-container_column"><span role="link" class="product-grid-cell_main-price product-grid-cell_main-price--on-sale"> $2.00 </span><div class="product-grid-cell_was-container"><span class="product-grid-cell_regular-price product-grid-cell_regular-price--small"> $2.49 </span></div></div></div><div class="product-tile_detail-title"><div data-v-7b5b6b2c="" role="link" tabindex="0" class="product-grid-cell_name"><h3 data-v-7b5b6b2c="" aria-label="Ore-Ida Just Crack an Egg Protein Packed Scramble Kit" class="product-grid-cell_name-text product-grid-cell_name-text--small"><!----> Ore-Ida Just Crack an Egg Protein Packed Scramble Kit </h3></div><div role="link" class="product-grid-cell_sizes"><span class="product-grid-cell_size"> 2.25 OZ PKG </span><span aria-hidden="true"> | </span><!----><span class="product-grid-cell_unit"> $0.89 / OZ </span></div><!----></div><div class="product-grid-cell_promo-name"><!----><!----><!----><!----><!----></div><!----><div class="margin-top--one"><!----><div data-v-4e03913c="" class="pdl-add-to-cart"><div data-v-4e03913c="" class="pdl-add-to-cart_button"><button data-v-4e03913c="" aria-label="Add to Cart" data-product-id="276762" data-price="2" class="button button--add-to-cart"> Add to Cart <!----></button><!----></div><!----></div></div><!----></div></div><!----><!----><div class="product-tile_action-items"><!----><!----><div class="shopping-list-menu_container"><div><button aria-label="add to shopping list" class="button pdl-product-detail_top-icon button--fourth pdl-product-detail_top-icon--borderless"><!----><div class="vector-icon-size--large"><svg xmlns="http://www.w3.org/2000/svg" aria-label="Shopping List Icon Add" viewBox="0 0 32 32" role="presentation" aria-hidden="true" focusable="false" class="vector-icon-color--dark-grey"><title lang="en">Shopping List Icon Add</title><desc></desc><g fill="" stroke=""><path d="M21.94066,15.3368884 L21.94066,12.8931995 C21.94066,12.3409148 22.3883752,11.8931995 22.94066,11.8931995 C23.4929447,11.8931995 23.94066,12.3409148 23.94066,12.8931995 L23.94066,15.3368884 L26.2522624,15.3368884 C26.8045471,15.3368884 27.2522624,15.7846037 27.2522624,16.3368884 C27.2522624,16.8891732 26.8045471,17.3368884 26.2522624,17.3368884 L23.94066,17.3368884 L23.94066,19.8787952 C23.94066,20.43108 23.4929447,20.8787952 22.94066,20.8787952 C22.3883752,20.8787952 21.94066,20.43108 21.94066,19.8787952 L21.94066,17.3368884 L19.2666667,17.3368884 C18.7143819,17.3368884 18.2666667,16.8891732 18.2666667,16.3368884 C18.2666667,15.7846037 18.7143819,15.3368884 19.2666667,15.3368884 L21.94066,15.3368884 Z M8,12 C7.44771525,12 7,11.5522847 7,11 C7,10.4477153 7.44771525,10 8,10 L19.1153581,10 C19.6676429,10 20.1153581,10.4477153 20.1153581,11 C20.1153581,11.5522847 19.6676429,12 19.1153581,12 L8,12 Z M8,17.3368884 C7.44771525,17.3368884 7,16.8891732 7,16.3368884 C7,15.7846037 7.44771525,15.3368884 8,15.3368884 L14.7200696,15.3368884 C15.2723543,15.3368884 15.7200696,15.7846037 15.7200696,16.3368884 C15.7200696,16.8891732 15.2723543,17.3368884 14.7200696,17.3368884 L8,17.3368884 Z M8,23 C7.44771525,23 7,22.5522847 7,22 C7,21.4477153 7.44771525,21 8,21 L19.1153581,21 C19.6676429,21 20.1153581,21.4477153 20.1153581,22 C20.1153581,22.5522847 19.6676429,23 19.1153581,23 L8,23 Z" fill="#000000" fill-rule="nonzero"></path></g></svg></div><div class="pdl-product-detail_list-tooltip"><p>Add item to shopping list</p><i></i></div></button><!----></div></div></div><!----></li><!----><!----><!----><li id="product-48" tabindex="-1" data-product-id="157440" aria-label="Giant Egg Noodles Extra Wide" class="tile product-cell product-grid-cell"><!----><!----><!----><div class="product-tile_content"><div><!----><div class="flag_outer-container"><span class="flag_label flag_label--tomato"> Sale </span><!----><!----></div></div><!----><div><img src="./Search Results _ Giant_files/SK1RK.jpg" alt="Giant Egg Noodles Extra Wide" class="product-grid-image product-grid-cell_main-image"></div><div class="product-grid-cell_price-tag product-grid-cell_price-tag--full-tile"><div class="product-tile_detail"><div class="product-grid-cell_price-container product-grid-cell_price-container_column"><span role="link" class="product-grid-cell_main-price product-grid-cell_main-price--on-sale"> $0.99 </span><div class="product-grid-cell_was-container"><span class="product-grid-cell_regular-price product-grid-cell_regular-price--small"> $1.09 </span></div></div></div><div class="product-tile_detail-title"><div data-v-7b5b6b2c="" role="link" tabindex="0" class="product-grid-cell_name"><h3 data-v-7b5b6b2c="" aria-label="Giant Egg Noodles Extra Wide" class="product-grid-cell_name-text product-grid-cell_name-text--small"><span data-v-7b5b6b2c="" class="vector-icon_inline-text--left"><div data-v-7b5b6b2c="" class="vector-icon-size--xsmall"><svg xmlns="http://www.w3.org/2000/svg" aria-label="Ahold Icon" viewBox="0 0 1024 945" role="presentation" aria-hidden="true" focusable="false" class=""><title lang="en">Ahold Icon</title><desc></desc><g fill="" stroke=""><g data-v-7b5b6b2c=""><path data-v-7b5b6b2c="" d="M1.893 730.617c-1.289-2.094-2.052-4.631-2.052-7.346 0-0.747 0.058-1.481 0.169-2.197 0.158-12.396 10.227-22.466 22.687-22.634l895.306-0c12.476 0.168 22.545 10.237 22.713 22.698-0.521 3.721-1.182 6.924-2.024 10.053l0.131-0.574c-86.363 175.072-263.598 293.385-468.466 293.385s-382.103-118.313-467.105-290.339l-1.361-3.046z" fill="rgb(247, 168, 0)" class="path1"></path><path data-v-7b5b6b2c="" d="M107.889 132.495c1.893-1.893 1.893-3.786 3.786-5.678 2.98-3.491 7.385-5.69 12.303-5.69s9.323 2.199 12.284 5.668l0.019 0.022 476.983 476.983c3.491 2.98 5.69 7.385 5.69 12.303s-2.199 9.323-5.668 12.284c-1.399 1.869-3.361 3.216-5.631 3.789l-0.069 0.015c-38.446 13.732-82.796 21.669-129.001 21.669-108.416 0-206.626-43.699-277.977-114.443-70.367-71.826-113.809-170.317-113.809-278.955 0-45.803 7.722-89.803 21.936-130.767l-0.845 2.8z" fill="rgb(226, 35, 26)" class="path2"></path><path data-v-7b5b6b2c="" d="M600.015 1.893c1.247-1.204 2.948-1.946 4.822-1.946 0.302 0 0.6 0.019 0.891 0.057 0.057-0.006 0.164-0.007 0.272-0.007 7.15 0 12.947 5.796 12.947 12.947 0 0.108-0.001 0.215-0.004 0.322l0-0.016v503.482c0.002 0.091 0.004 0.199 0.004 0.306 0 7.15-5.796 12.947-12.947 12.947-0.108 0-0.215-0.001-0.322-0.004-0.241 0.034-0.539 0.053-0.841 0.053-1.874 0-3.574-0.742-4.824-1.948l0.002 0.002c-98.273-48.542-164.673-148.065-164.673-263.098s66.401-214.556 162.964-262.333l1.709-0.765z" fill="rgb(113, 33, 119)" class="path3"></path><path data-v-7b5b6b2c="" d="M938.824 283.919c1.893 0 1.893 1.893 3.786 1.893 1.765 2.012 2.841 4.666 2.841 7.571s-1.077 5.559-2.853 7.584l0.011-0.013-268.776 266.884c-2.012 1.765-4.666 2.841-7.571 2.841s-5.559-1.077-7.584-2.853c-1.144-0.651-1.911-1.879-1.911-3.285 0-0.172 0.012-0.342 0.034-0.508l-0.002 0.019c-7.681-21.529-12.12-46.363-12.12-72.235 0-61.263 24.891-116.712 65.111-156.786 39.326-39.792 93.895-64.431 154.219-64.431 26.857 0 52.573 4.884 76.309 13.812l-1.494-0.493z" fill="rgb(130, 188, 0)" class="path4"></path></g></g></svg></div></span> Giant Egg Noodles Extra Wide </h3></div><div role="link" class="product-grid-cell_sizes"><span class="product-grid-cell_size"> 12 OZ BAG </span><span aria-hidden="true"> | </span><!----><span class="product-grid-cell_unit"> $0.08 / OZ </span></div><!----></div><div class="product-grid-cell_promo-name"><!----><!----><!----><!----><!----></div><!----><div class="margin-top--one"><!----><div data-v-4e03913c="" class="pdl-add-to-cart"><div data-v-4e03913c="" class="pdl-add-to-cart_button"><button data-v-4e03913c="" aria-label="Add to Cart" data-product-id="157440" data-price="0.99" class="button button--add-to-cart"> Add to Cart <!----></button><!----></div><!----></div></div><!----></div></div><!----><!----><div class="product-tile_action-items"><!----><!----><div class="shopping-list-menu_container"><div><button aria-label="add to shopping list" class="button pdl-product-detail_top-icon button--fourth pdl-product-detail_top-icon--borderless"><!----><div class="vector-icon-size--large"><svg xmlns="http://www.w3.org/2000/svg" aria-label="Shopping List Icon Add" viewBox="0 0 32 32" role="presentation" aria-hidden="true" focusable="false" class="vector-icon-color--dark-grey"><title lang="en">Shopping List Icon Add</title><desc></desc><g fill="" stroke=""><path d="M21.94066,15.3368884 L21.94066,12.8931995 C21.94066,12.3409148 22.3883752,11.8931995 22.94066,11.8931995 C23.4929447,11.8931995 23.94066,12.3409148 23.94066,12.8931995 L23.94066,15.3368884 L26.2522624,15.3368884 C26.8045471,15.3368884 27.2522624,15.7846037 27.2522624,16.3368884 C27.2522624,16.8891732 26.8045471,17.3368884 26.2522624,17.3368884 L23.94066,17.3368884 L23.94066,19.8787952 C23.94066,20.43108 23.4929447,20.8787952 22.94066,20.8787952 C22.3883752,20.8787952 21.94066,20.43108 21.94066,19.8787952 L21.94066,17.3368884 L19.2666667,17.3368884 C18.7143819,17.3368884 18.2666667,16.8891732 18.2666667,16.3368884 C18.2666667,15.7846037 18.7143819,15.3368884 19.2666667,15.3368884 L21.94066,15.3368884 Z M8,12 C7.44771525,12 7,11.5522847 7,11 C7,10.4477153 7.44771525,10 8,10 L19.1153581,10 C19.6676429,10 20.1153581,10.4477153 20.1153581,11 C20.1153581,11.5522847 19.6676429,12 19.1153581,12 L8,12 Z M8,17.3368884 C7.44771525,17.3368884 7,16.8891732 7,16.3368884 C7,15.7846037 7.44771525,15.3368884 8,15.3368884 L14.7200696,15.3368884 C15.2723543,15.3368884 15.7200696,15.7846037 15.7200696,16.3368884 C15.7200696,16.8891732 15.2723543,17.3368884 14.7200696,17.3368884 L8,17.3368884 Z M8,23 C7.44771525,23 7,22.5522847 7,22 C7,21.4477153 7.44771525,21 8,21 L19.1153581,21 C19.6676429,21 20.1153581,21.4477153 20.1153581,22 C20.1153581,22.5522847 19.6676429,23 19.1153581,23 L8,23 Z" fill="#000000" fill-rule="nonzero"></path></g></svg></div><div class="pdl-product-detail_list-tooltip"><p>Add item to shopping list</p><i></i></div></button><!----></div></div></div><!----></li><!----><!----><!----><li id="product-49" tabindex="-1" data-product-id="186108" aria-label="Giant Egg Noodles Enriched Fine" class="tile product-cell product-grid-cell"><!----><!----><!----><div class="product-tile_content"><div><!----><div class="flag_outer-container"><span class="flag_label flag_label--tomato"> Sale </span><!----><!----></div></div><!----><div><img src="./Search Results _ Giant_files/DIIX1.jpg" alt="Giant Egg Noodles Enriched Fine" class="product-grid-image product-grid-cell_main-image"></div><div class="product-grid-cell_price-tag product-grid-cell_price-tag--full-tile"><div class="product-tile_detail"><div class="product-grid-cell_price-container product-grid-cell_price-container_column"><span role="link" class="product-grid-cell_main-price product-grid-cell_main-price--on-sale"> $0.99 </span><div class="product-grid-cell_was-container"><span class="product-grid-cell_regular-price product-grid-cell_regular-price--small"> $1.09 </span></div></div></div><div class="product-tile_detail-title"><div data-v-7b5b6b2c="" role="link" tabindex="0" class="product-grid-cell_name"><h3 data-v-7b5b6b2c="" aria-label="Giant Egg Noodles Enriched Fine" class="product-grid-cell_name-text product-grid-cell_name-text--small"><span data-v-7b5b6b2c="" class="vector-icon_inline-text--left"><div data-v-7b5b6b2c="" class="vector-icon-size--xsmall"><svg xmlns="http://www.w3.org/2000/svg" aria-label="Ahold Icon" viewBox="0 0 1024 945" role="presentation" aria-hidden="true" focusable="false" class=""><title lang="en">Ahold Icon</title><desc></desc><g fill="" stroke=""><g data-v-7b5b6b2c=""><path data-v-7b5b6b2c="" d="M1.893 730.617c-1.289-2.094-2.052-4.631-2.052-7.346 0-0.747 0.058-1.481 0.169-2.197 0.158-12.396 10.227-22.466 22.687-22.634l895.306-0c12.476 0.168 22.545 10.237 22.713 22.698-0.521 3.721-1.182 6.924-2.024 10.053l0.131-0.574c-86.363 175.072-263.598 293.385-468.466 293.385s-382.103-118.313-467.105-290.339l-1.361-3.046z" fill="rgb(247, 168, 0)" class="path1"></path><path data-v-7b5b6b2c="" d="M107.889 132.495c1.893-1.893 1.893-3.786 3.786-5.678 2.98-3.491 7.385-5.69 12.303-5.69s9.323 2.199 12.284 5.668l0.019 0.022 476.983 476.983c3.491 2.98 5.69 7.385 5.69 12.303s-2.199 9.323-5.668 12.284c-1.399 1.869-3.361 3.216-5.631 3.789l-0.069 0.015c-38.446 13.732-82.796 21.669-129.001 21.669-108.416 0-206.626-43.699-277.977-114.443-70.367-71.826-113.809-170.317-113.809-278.955 0-45.803 7.722-89.803 21.936-130.767l-0.845 2.8z" fill="rgb(226, 35, 26)" class="path2"></path><path data-v-7b5b6b2c="" d="M600.015 1.893c1.247-1.204 2.948-1.946 4.822-1.946 0.302 0 0.6 0.019 0.891 0.057 0.057-0.006 0.164-0.007 0.272-0.007 7.15 0 12.947 5.796 12.947 12.947 0 0.108-0.001 0.215-0.004 0.322l0-0.016v503.482c0.002 0.091 0.004 0.199 0.004 0.306 0 7.15-5.796 12.947-12.947 12.947-0.108 0-0.215-0.001-0.322-0.004-0.241 0.034-0.539 0.053-0.841 0.053-1.874 0-3.574-0.742-4.824-1.948l0.002 0.002c-98.273-48.542-164.673-148.065-164.673-263.098s66.401-214.556 162.964-262.333l1.709-0.765z" fill="rgb(113, 33, 119)" class="path3"></path><path data-v-7b5b6b2c="" d="M938.824 283.919c1.893 0 1.893 1.893 3.786 1.893 1.765 2.012 2.841 4.666 2.841 7.571s-1.077 5.559-2.853 7.584l0.011-0.013-268.776 266.884c-2.012 1.765-4.666 2.841-7.571 2.841s-5.559-1.077-7.584-2.853c-1.144-0.651-1.911-1.879-1.911-3.285 0-0.172 0.012-0.342 0.034-0.508l-0.002 0.019c-7.681-21.529-12.12-46.363-12.12-72.235 0-61.263 24.891-116.712 65.111-156.786 39.326-39.792 93.895-64.431 154.219-64.431 26.857 0 52.573 4.884 76.309 13.812l-1.494-0.493z" fill="rgb(130, 188, 0)" class="path4"></path></g></g></svg></div></span> Giant Egg Noodles Enriched Fine </h3></div><div role="link" class="product-grid-cell_sizes"><span class="product-grid-cell_size"> 12 OZ BAG </span><span aria-hidden="true"> | </span><!----><span class="product-grid-cell_unit"> $0.08 / OZ </span></div><!----></div><div class="product-grid-cell_promo-name"><!----><!----><!----><!----><!----></div><!----><div class="margin-top--one"><!----><div data-v-4e03913c="" class="pdl-add-to-cart"><div data-v-4e03913c="" class="pdl-add-to-cart_button"><button data-v-4e03913c="" aria-label="Add to Cart" data-product-id="186108" data-price="0.99" class="button button--add-to-cart"> Add to Cart <!----></button><!----></div><!----></div></div><!----></div></div><!----><!----><div class="product-tile_action-items"><!----><!----><div class="shopping-list-menu_container"><div><button aria-label="add to shopping list" class="button pdl-product-detail_top-icon button--fourth pdl-product-detail_top-icon--borderless"><!----><div class="vector-icon-size--large"><svg xmlns="http://www.w3.org/2000/svg" aria-label="Shopping List Icon Add" viewBox="0 0 32 32" role="presentation" aria-hidden="true" focusable="false" class="vector-icon-color--dark-grey"><title lang="en">Shopping List Icon Add</title><desc></desc><g fill="" stroke=""><path d="M21.94066,15.3368884 L21.94066,12.8931995 C21.94066,12.3409148 22.3883752,11.8931995 22.94066,11.8931995 C23.4929447,11.8931995 23.94066,12.3409148 23.94066,12.8931995 L23.94066,15.3368884 L26.2522624,15.3368884 C26.8045471,15.3368884 27.2522624,15.7846037 27.2522624,16.3368884 C27.2522624,16.8891732 26.8045471,17.3368884 26.2522624,17.3368884 L23.94066,17.3368884 L23.94066,19.8787952 C23.94066,20.43108 23.4929447,20.8787952 22.94066,20.8787952 C22.3883752,20.8787952 21.94066,20.43108 21.94066,19.8787952 L21.94066,17.3368884 L19.2666667,17.3368884 C18.7143819,17.3368884 18.2666667,16.8891732 18.2666667,16.3368884 C18.2666667,15.7846037 18.7143819,15.3368884 19.2666667,15.3368884 L21.94066,15.3368884 Z M8,12 C7.44771525,12 7,11.5522847 7,11 C7,10.4477153 7.44771525,10 8,10 L19.1153581,10 C19.6676429,10 20.1153581,10.4477153 20.1153581,11 C20.1153581,11.5522847 19.6676429,12 19.1153581,12 L8,12 Z M8,17.3368884 C7.44771525,17.3368884 7,16.8891732 7,16.3368884 C7,15.7846037 7.44771525,15.3368884 8,15.3368884 L14.7200696,15.3368884 C15.2723543,15.3368884 15.7200696,15.7846037 15.7200696,16.3368884 C15.7200696,16.8891732 15.2723543,17.3368884 14.7200696,17.3368884 L8,17.3368884 Z M8,23 C7.44771525,23 7,22.5522847 7,22 C7,21.4477153 7.44771525,21 8,21 L19.1153581,21 C19.6676429,21 20.1153581,21.4477153 20.1153581,22 C20.1153581,22.5522847 19.6676429,23 19.1153581,23 L8,23 Z" fill="#000000" fill-rule="nonzero"></path></g></svg></div><div class="pdl-product-detail_list-tooltip"><p>Add item to shopping list</p><i></i></div></button><!----></div></div></div><!----></li><!----><!----><!----><li id="product-50" tabindex="-1" data-product-id="214332" aria-label="P.F. Chang&#39;s Home Menu Egg Rolls Vegetable Mini - 8 ct" class="tile product-cell product-grid-cell"><!----><!----><!----><div class="product-tile_content"><div><!----><div class="flag_outer-container"><!----><!----><!----></div></div><!----><div><img src="./Search Results _ Giant_files/2WK3V.png" alt="P.F. Chang&#39;s Home Menu Egg Rolls Vegetable Mini - 8 ct" class="product-grid-image product-grid-cell_main-image"></div><div class="product-grid-cell_price-tag product-grid-cell_price-tag--full-tile"><div class="product-tile_detail"><div class="product-grid-cell_price-container"><span role="link" class="product-grid-cell_main-price"> $3.99 </span><!----></div></div><div class="product-tile_detail-title"><div data-v-7b5b6b2c="" role="link" tabindex="0" class="product-grid-cell_name"><h3 data-v-7b5b6b2c="" aria-label="P.F. Chang&#39;s Home Menu Egg Rolls Vegetable Mini - 8 ct" class="product-grid-cell_name-text product-grid-cell_name-text--small"><!----> P.F. Chang's Home Menu Egg Rolls Vegetable Mini - 8 ct </h3></div><div role="link" class="product-grid-cell_sizes"><span class="product-grid-cell_size"> 8.8 OZ PKG </span><span aria-hidden="true"> | </span><!----><span class="product-grid-cell_unit"> $0.45 / OZ </span></div><!----></div><div class="product-grid-cell_promo-name"><!----><div tabindex="0" role="link" aria-label="Open coupon details" class="product-tile_coupon-offer product-tile_coupon-offer-eci"><div class="product-tile_coupon-offer-display"><!----><!----><div class="product-tile_coupon-offer-name flex-center product-tile_coupon-offer-name--full-tile"><span><!----></span> Spend $25, Get a Free* Marie Callender's Dessert </div></div><!----><div class="product-tile_coupon-offer-loading-coupon"><!----></div></div><!----><!----><!----></div><!----><div class="margin-top--one"><!----><div data-v-4e03913c="" class="pdl-add-to-cart"><div data-v-4e03913c="" class="pdl-add-to-cart_button"><button data-v-4e03913c="" aria-label="Add to Cart" data-product-id="214332" data-price="3.99" class="button button--add-to-cart"> Add to Cart <!----></button><!----></div><!----></div></div><!----></div></div><!----><!----><div class="product-tile_action-items"><!----><!----><div class="shopping-list-menu_container"><div><button aria-label="add to shopping list" class="button pdl-product-detail_top-icon button--fourth pdl-product-detail_top-icon--borderless"><!----><div class="vector-icon-size--large"><svg xmlns="http://www.w3.org/2000/svg" aria-label="Shopping List Icon Add" viewBox="0 0 32 32" role="presentation" aria-hidden="true" focusable="false" class="vector-icon-color--dark-grey"><title lang="en">Shopping List Icon Add</title><desc></desc><g fill="" stroke=""><path d="M21.94066,15.3368884 L21.94066,12.8931995 C21.94066,12.3409148 22.3883752,11.8931995 22.94066,11.8931995 C23.4929447,11.8931995 23.94066,12.3409148 23.94066,12.8931995 L23.94066,15.3368884 L26.2522624,15.3368884 C26.8045471,15.3368884 27.2522624,15.7846037 27.2522624,16.3368884 C27.2522624,16.8891732 26.8045471,17.3368884 26.2522624,17.3368884 L23.94066,17.3368884 L23.94066,19.8787952 C23.94066,20.43108 23.4929447,20.8787952 22.94066,20.8787952 C22.3883752,20.8787952 21.94066,20.43108 21.94066,19.8787952 L21.94066,17.3368884 L19.2666667,17.3368884 C18.7143819,17.3368884 18.2666667,16.8891732 18.2666667,16.3368884 C18.2666667,15.7846037 18.7143819,15.3368884 19.2666667,15.3368884 L21.94066,15.3368884 Z M8,12 C7.44771525,12 7,11.5522847 7,11 C7,10.4477153 7.44771525,10 8,10 L19.1153581,10 C19.6676429,10 20.1153581,10.4477153 20.1153581,11 C20.1153581,11.5522847 19.6676429,12 19.1153581,12 L8,12 Z M8,17.3368884 C7.44771525,17.3368884 7,16.8891732 7,16.3368884 C7,15.7846037 7.44771525,15.3368884 8,15.3368884 L14.7200696,15.3368884 C15.2723543,15.3368884 15.7200696,15.7846037 15.7200696,16.3368884 C15.7200696,16.8891732 15.2723543,17.3368884 14.7200696,17.3368884 L8,17.3368884 Z M8,23 C7.44771525,23 7,22.5522847 7,22 C7,21.4477153 7.44771525,21 8,21 L19.1153581,21 C19.6676429,21 20.1153581,21.4477153 20.1153581,22 C20.1153581,22.5522847 19.6676429,23 19.1153581,23 L8,23 Z" fill="#000000" fill-rule="nonzero"></path></g></svg></div><div class="pdl-product-detail_list-tooltip"><p>Add item to shopping list</p><i></i></div></button><!----></div></div></div><!----></li><!----><!----><!----><li id="product-51" tabindex="-1" data-product-id="53352" aria-label="Light &#39;n Fluffy Egg Noodles Medium" class="tile product-cell product-grid-cell"><!----><!----><!----><div class="product-tile_content"><div><!----><div class="flag_outer-container"><span class="flag_label flag_label--tomato"> Sale </span><!----><!----></div></div><!----><div><img src="./Search Results _ Giant_files/EKB88.png" alt="Light &#39;n Fluffy Egg Noodles Medium" class="product-grid-image product-grid-cell_main-image"></div><div class="product-grid-cell_price-tag product-grid-cell_price-tag--full-tile"><div class="product-tile_detail"><div class="product-grid-cell_price-container product-grid-cell_price-container_column"><span role="link" class="product-grid-cell_main-price product-grid-cell_main-price--on-sale"> $1.50 </span><div class="product-grid-cell_was-container"><span class="product-grid-cell_regular-price product-grid-cell_regular-price--small"> $2.39 </span></div></div></div><div class="product-tile_detail-title"><div data-v-7b5b6b2c="" role="link" tabindex="0" class="product-grid-cell_name"><h3 data-v-7b5b6b2c="" aria-label="Light &#39;n Fluffy Egg Noodles Medium" class="product-grid-cell_name-text product-grid-cell_name-text--small"><!----> Light 'n Fluffy Egg Noodles Medium </h3></div><div role="link" class="product-grid-cell_sizes"><span class="product-grid-cell_size"> 12 OZ PKG </span><span aria-hidden="true"> | </span><!----><span class="product-grid-cell_unit"> $0.13 / OZ </span></div><!----></div><div class="product-grid-cell_promo-name"><!----><!----><!----><!----><!----></div><!----><div class="margin-top--one"><!----><div data-v-4e03913c="" class="pdl-add-to-cart"><div data-v-4e03913c="" class="pdl-add-to-cart_button"><button data-v-4e03913c="" aria-label="Add to Cart" data-product-id="53352" data-price="1.5" class="button button--add-to-cart"> Add to Cart <!----></button><!----></div><!----></div></div><!----></div></div><!----><!----><div class="product-tile_action-items"><!----><!----><div class="shopping-list-menu_container"><div><button aria-label="add to shopping list" class="button pdl-product-detail_top-icon button--fourth pdl-product-detail_top-icon--borderless"><!----><div class="vector-icon-size--large"><svg xmlns="http://www.w3.org/2000/svg" aria-label="Shopping List Icon Add" viewBox="0 0 32 32" role="presentation" aria-hidden="true" focusable="false" class="vector-icon-color--dark-grey"><title lang="en">Shopping List Icon Add</title><desc></desc><g fill="" stroke=""><path d="M21.94066,15.3368884 L21.94066,12.8931995 C21.94066,12.3409148 22.3883752,11.8931995 22.94066,11.8931995 C23.4929447,11.8931995 23.94066,12.3409148 23.94066,12.8931995 L23.94066,15.3368884 L26.2522624,15.3368884 C26.8045471,15.3368884 27.2522624,15.7846037 27.2522624,16.3368884 C27.2522624,16.8891732 26.8045471,17.3368884 26.2522624,17.3368884 L23.94066,17.3368884 L23.94066,19.8787952 C23.94066,20.43108 23.4929447,20.8787952 22.94066,20.8787952 C22.3883752,20.8787952 21.94066,20.43108 21.94066,19.8787952 L21.94066,17.3368884 L19.2666667,17.3368884 C18.7143819,17.3368884 18.2666667,16.8891732 18.2666667,16.3368884 C18.2666667,15.7846037 18.7143819,15.3368884 19.2666667,15.3368884 L21.94066,15.3368884 Z M8,12 C7.44771525,12 7,11.5522847 7,11 C7,10.4477153 7.44771525,10 8,10 L19.1153581,10 C19.6676429,10 20.1153581,10.4477153 20.1153581,11 C20.1153581,11.5522847 19.6676429,12 19.1153581,12 L8,12 Z M8,17.3368884 C7.44771525,17.3368884 7,16.8891732 7,16.3368884 C7,15.7846037 7.44771525,15.3368884 8,15.3368884 L14.7200696,15.3368884 C15.2723543,15.3368884 15.7200696,15.7846037 15.7200696,16.3368884 C15.7200696,16.8891732 15.2723543,17.3368884 14.7200696,17.3368884 L8,17.3368884 Z M8,23 C7.44771525,23 7,22.5522847 7,22 C7,21.4477153 7.44771525,21 8,21 L19.1153581,21 C19.6676429,21 20.1153581,21.4477153 20.1153581,22 C20.1153581,22.5522847 19.6676429,23 19.1153581,23 L8,23 Z" fill="#000000" fill-rule="nonzero"></path></g></svg></div><div class="pdl-product-detail_list-tooltip"><p>Add item to shopping list</p><i></i></div></button><!----></div></div></div><!----></li><!----><!----><!----><li id="product-52" tabindex="-1" data-product-id="8812" aria-label="Manischewitz Egg Noodles Medium" class="tile product-cell product-grid-cell"><!----><!----><!----><div class="product-tile_content"><div><!----><div class="flag_outer-container"><span class="flag_label flag_label--tomato"> Sale </span><!----><!----></div></div><!----><div><img src="./Search Results _ Giant_files/6XDQM.jpg" alt="Manischewitz Egg Noodles Medium" class="product-grid-image product-grid-cell_main-image"></div><div class="product-grid-cell_price-tag product-grid-cell_price-tag--full-tile"><div class="product-tile_detail"><div class="product-grid-cell_price-container product-grid-cell_price-container_column"><span role="link" class="product-grid-cell_main-price product-grid-cell_main-price--on-sale"> $2.00 </span><div class="product-grid-cell_was-container"><span class="product-grid-cell_regular-price product-grid-cell_regular-price--small"> $2.49 </span></div></div></div><div class="product-tile_detail-title"><div data-v-7b5b6b2c="" role="link" tabindex="0" class="product-grid-cell_name"><h3 data-v-7b5b6b2c="" aria-label="Manischewitz Egg Noodles Medium" class="product-grid-cell_name-text product-grid-cell_name-text--small"><!----> Manischewitz Egg Noodles Medium </h3></div><div role="link" class="product-grid-cell_sizes"><span class="product-grid-cell_size"> 12 OZ BAG </span><span aria-hidden="true"> | </span><!----><span class="product-grid-cell_unit"> $0.17 / OZ </span></div><!----></div><div class="product-grid-cell_promo-name"><!----><!----><!----><!----><!----></div><!----><div class="margin-top--one"><!----><div data-v-4e03913c="" class="pdl-add-to-cart"><div data-v-4e03913c="" class="pdl-add-to-cart_button"><button data-v-4e03913c="" aria-label="Add to Cart" data-product-id="8812" data-price="2" class="button button--add-to-cart"> Add to Cart <!----></button><!----></div><!----></div></div><!----></div></div><!----><!----><div class="product-tile_action-items"><!----><!----><div class="shopping-list-menu_container"><div><button aria-label="add to shopping list" class="button pdl-product-detail_top-icon button--fourth pdl-product-detail_top-icon--borderless"><!----><div class="vector-icon-size--large"><svg xmlns="http://www.w3.org/2000/svg" aria-label="Shopping List Icon Add" viewBox="0 0 32 32" role="presentation" aria-hidden="true" focusable="false" class="vector-icon-color--dark-grey"><title lang="en">Shopping List Icon Add</title><desc></desc><g fill="" stroke=""><path d="M21.94066,15.3368884 L21.94066,12.8931995 C21.94066,12.3409148 22.3883752,11.8931995 22.94066,11.8931995 C23.4929447,11.8931995 23.94066,12.3409148 23.94066,12.8931995 L23.94066,15.3368884 L26.2522624,15.3368884 C26.8045471,15.3368884 27.2522624,15.7846037 27.2522624,16.3368884 C27.2522624,16.8891732 26.8045471,17.3368884 26.2522624,17.3368884 L23.94066,17.3368884 L23.94066,19.8787952 C23.94066,20.43108 23.4929447,20.8787952 22.94066,20.8787952 C22.3883752,20.8787952 21.94066,20.43108 21.94066,19.8787952 L21.94066,17.3368884 L19.2666667,17.3368884 C18.7143819,17.3368884 18.2666667,16.8891732 18.2666667,16.3368884 C18.2666667,15.7846037 18.7143819,15.3368884 19.2666667,15.3368884 L21.94066,15.3368884 Z M8,12 C7.44771525,12 7,11.5522847 7,11 C7,10.4477153 7.44771525,10 8,10 L19.1153581,10 C19.6676429,10 20.1153581,10.4477153 20.1153581,11 C20.1153581,11.5522847 19.6676429,12 19.1153581,12 L8,12 Z M8,17.3368884 C7.44771525,17.3368884 7,16.8891732 7,16.3368884 C7,15.7846037 7.44771525,15.3368884 8,15.3368884 L14.7200696,15.3368884 C15.2723543,15.3368884 15.7200696,15.7846037 15.7200696,16.3368884 C15.7200696,16.8891732 15.2723543,17.3368884 14.7200696,17.3368884 L8,17.3368884 Z M8,23 C7.44771525,23 7,22.5522847 7,22 C7,21.4477153 7.44771525,21 8,21 L19.1153581,21 C19.6676429,21 20.1153581,21.4477153 20.1153581,22 C20.1153581,22.5522847 19.6676429,23 19.1153581,23 L8,23 Z" fill="#000000" fill-rule="nonzero"></path></g></svg></div><div class="pdl-product-detail_list-tooltip"><p>Add item to shopping list</p><i></i></div></button><!----></div></div></div><!----></li><!----><!----><!----><li id="product-53" tabindex="-1" data-product-id="101282" aria-label="Hood Vanilla Egg Nog" class="tile product-cell product-grid-cell"><!----><!----><!----><div class="product-tile_content"><div><!----><div class="flag_outer-container"><!----><!----><!----></div></div><!----><div><img src="./Search Results _ Giant_files/QSE4N.png" alt="Hood Vanilla Egg Nog" class="product-grid-image product-grid-cell_main-image"></div><div class="product-grid-cell_price-tag product-grid-cell_price-tag--full-tile"><div class="product-tile_detail"><div class="product-grid-cell_price-container"><span role="link" class="product-grid-cell_main-price"> $3.89 </span><!----></div></div><div class="product-tile_detail-title"><div data-v-7b5b6b2c="" role="link" tabindex="0" class="product-grid-cell_name"><h3 data-v-7b5b6b2c="" aria-label="Hood Vanilla Egg Nog" class="product-grid-cell_name-text product-grid-cell_name-text--small"><!----> Hood Vanilla Egg Nog </h3></div><div role="link" class="product-grid-cell_sizes"><span class="product-grid-cell_size"> 1 QUART </span><span aria-hidden="true"> | </span><!----><span class="product-grid-cell_unit"> $0.12 / OZ </span></div><!----></div><div class="product-grid-cell_promo-name"><!----><!----><!----><!----><!----></div><!----><div class="margin-top--one"><!----><div data-v-4e03913c="" class="pdl-add-to-cart"><div data-v-4e03913c="" class="pdl-add-to-cart_button"><button data-v-4e03913c="" aria-label="Add to Cart" data-product-id="101282" data-price="3.89" class="button button--add-to-cart"> Add to Cart <!----></button><!----></div><!----></div></div><!----></div></div><!----><!----><div class="product-tile_action-items"><!----><!----><div class="shopping-list-menu_container"><div><button aria-label="add to shopping list" class="button pdl-product-detail_top-icon button--fourth pdl-product-detail_top-icon--borderless"><!----><div class="vector-icon-size--large"><svg xmlns="http://www.w3.org/2000/svg" aria-label="Shopping List Icon Add" viewBox="0 0 32 32" role="presentation" aria-hidden="true" focusable="false" class="vector-icon-color--dark-grey"><title lang="en">Shopping List Icon Add</title><desc></desc><g fill="" stroke=""><path d="M21.94066,15.3368884 L21.94066,12.8931995 C21.94066,12.3409148 22.3883752,11.8931995 22.94066,11.8931995 C23.4929447,11.8931995 23.94066,12.3409148 23.94066,12.8931995 L23.94066,15.3368884 L26.2522624,15.3368884 C26.8045471,15.3368884 27.2522624,15.7846037 27.2522624,16.3368884 C27.2522624,16.8891732 26.8045471,17.3368884 26.2522624,17.3368884 L23.94066,17.3368884 L23.94066,19.8787952 C23.94066,20.43108 23.4929447,20.8787952 22.94066,20.8787952 C22.3883752,20.8787952 21.94066,20.43108 21.94066,19.8787952 L21.94066,17.3368884 L19.2666667,17.3368884 C18.7143819,17.3368884 18.2666667,16.8891732 18.2666667,16.3368884 C18.2666667,15.7846037 18.7143819,15.3368884 19.2666667,15.3368884 L21.94066,15.3368884 Z M8,12 C7.44771525,12 7,11.5522847 7,11 C7,10.4477153 7.44771525,10 8,10 L19.1153581,10 C19.6676429,10 20.1153581,10.4477153 20.1153581,11 C20.1153581,11.5522847 19.6676429,12 19.1153581,12 L8,12 Z M8,17.3368884 C7.44771525,17.3368884 7,16.8891732 7,16.3368884 C7,15.7846037 7.44771525,15.3368884 8,15.3368884 L14.7200696,15.3368884 C15.2723543,15.3368884 15.7200696,15.7846037 15.7200696,16.3368884 C15.7200696,16.8891732 15.2723543,17.3368884 14.7200696,17.3368884 L8,17.3368884 Z M8,23 C7.44771525,23 7,22.5522847 7,22 C7,21.4477153 7.44771525,21 8,21 L19.1153581,21 C19.6676429,21 20.1153581,21.4477153 20.1153581,22 C20.1153581,22.5522847 19.6676429,23 19.1153581,23 L8,23 Z" fill="#000000" fill-rule="nonzero"></path></g></svg></div><div class="pdl-product-detail_list-tooltip"><p>Add item to shopping list</p><i></i></div></button><!----></div></div></div><!----></li><!----><!----><!----><li id="product-54" tabindex="-1" data-product-id="15172" aria-label="No Yolks Egg Noodles Broad Cholesterol Free" class="tile product-cell product-grid-cell"><!----><!----><!----><div class="product-tile_content"><div><!----><div class="flag_outer-container"><span class="flag_label flag_label--tomato"> Sale </span><!----><!----></div></div><!----><div><img src="./Search Results _ Giant_files/R9MR4.png" alt="No Yolks Egg Noodles Broad Cholesterol Free" class="product-grid-image product-grid-cell_main-image"></div><div class="product-grid-cell_price-tag product-grid-cell_price-tag--full-tile"><div class="product-tile_detail"><div class="product-grid-cell_price-container product-grid-cell_price-container_column"><span role="link" class="product-grid-cell_main-price product-grid-cell_main-price--on-sale"> $2.00 </span><div class="product-grid-cell_was-container"><span class="product-grid-cell_regular-price product-grid-cell_regular-price--small"> $2.29 </span></div></div></div><div class="product-tile_detail-title"><div data-v-7b5b6b2c="" role="link" tabindex="0" class="product-grid-cell_name"><h3 data-v-7b5b6b2c="" aria-label="No Yolks Egg Noodles Broad Cholesterol Free" class="product-grid-cell_name-text product-grid-cell_name-text--small"><!----> No Yolks Egg Noodles Broad Cholesterol Free </h3></div><div role="link" class="product-grid-cell_sizes"><span class="product-grid-cell_size"> 12 OZ BAG </span><span aria-hidden="true"> | </span><!----><span class="product-grid-cell_unit"> $0.17 / OZ </span></div><!----></div><div class="product-grid-cell_promo-name"><!----><!----><!----><!----><!----></div><!----><div class="margin-top--one"><!----><div data-v-4e03913c="" class="pdl-add-to-cart"><div data-v-4e03913c="" class="pdl-add-to-cart_button"><button data-v-4e03913c="" aria-label="Add to Cart" data-product-id="15172" data-price="2" class="button button--add-to-cart"> Add to Cart <!----></button><!----></div><!----></div></div><!----></div></div><!----><!----><div class="product-tile_action-items"><!----><!----><div class="shopping-list-menu_container"><div><button aria-label="add to shopping list" class="button pdl-product-detail_top-icon button--fourth pdl-product-detail_top-icon--borderless"><!----><div class="vector-icon-size--large"><svg xmlns="http://www.w3.org/2000/svg" aria-label="Shopping List Icon Add" viewBox="0 0 32 32" role="presentation" aria-hidden="true" focusable="false" class="vector-icon-color--dark-grey"><title lang="en">Shopping List Icon Add</title><desc></desc><g fill="" stroke=""><path d="M21.94066,15.3368884 L21.94066,12.8931995 C21.94066,12.3409148 22.3883752,11.8931995 22.94066,11.8931995 C23.4929447,11.8931995 23.94066,12.3409148 23.94066,12.8931995 L23.94066,15.3368884 L26.2522624,15.3368884 C26.8045471,15.3368884 27.2522624,15.7846037 27.2522624,16.3368884 C27.2522624,16.8891732 26.8045471,17.3368884 26.2522624,17.3368884 L23.94066,17.3368884 L23.94066,19.8787952 C23.94066,20.43108 23.4929447,20.8787952 22.94066,20.8787952 C22.3883752,20.8787952 21.94066,20.43108 21.94066,19.8787952 L21.94066,17.3368884 L19.2666667,17.3368884 C18.7143819,17.3368884 18.2666667,16.8891732 18.2666667,16.3368884 C18.2666667,15.7846037 18.7143819,15.3368884 19.2666667,15.3368884 L21.94066,15.3368884 Z M8,12 C7.44771525,12 7,11.5522847 7,11 C7,10.4477153 7.44771525,10 8,10 L19.1153581,10 C19.6676429,10 20.1153581,10.4477153 20.1153581,11 C20.1153581,11.5522847 19.6676429,12 19.1153581,12 L8,12 Z M8,17.3368884 C7.44771525,17.3368884 7,16.8891732 7,16.3368884 C7,15.7846037 7.44771525,15.3368884 8,15.3368884 L14.7200696,15.3368884 C15.2723543,15.3368884 15.7200696,15.7846037 15.7200696,16.3368884 C15.7200696,16.8891732 15.2723543,17.3368884 14.7200696,17.3368884 L8,17.3368884 Z M8,23 C7.44771525,23 7,22.5522847 7,22 C7,21.4477153 7.44771525,21 8,21 L19.1153581,21 C19.6676429,21 20.1153581,21.4477153 20.1153581,22 C20.1153581,22.5522847 19.6676429,23 19.1153581,23 L8,23 Z" fill="#000000" fill-rule="nonzero"></path></g></svg></div><div class="pdl-product-detail_list-tooltip"><p>Add item to shopping list</p><i></i></div></button><!----></div></div></div><!----></li><!----><!----><!----><li id="product-55" tabindex="-1" data-product-id="153160" aria-label="Hood Light Egg Nog" class="tile product-cell product-grid-cell"><!----><!----><!----><div class="product-tile_content"><div><!----><div class="flag_outer-container"><!----><!----><!----></div></div><!----><div><img src="./Search Results _ Giant_files/5XRHT.png" alt="Hood Light Egg Nog" class="product-grid-image product-grid-cell_main-image"></div><div class="product-grid-cell_price-tag product-grid-cell_price-tag--full-tile"><div class="product-tile_detail"><div class="product-grid-cell_price-container"><span role="link" class="product-grid-cell_main-price"> $3.89 </span><!----></div></div><div class="product-tile_detail-title"><div data-v-7b5b6b2c="" role="link" tabindex="0" class="product-grid-cell_name"><h3 data-v-7b5b6b2c="" aria-label="Hood Light Egg Nog" class="product-grid-cell_name-text product-grid-cell_name-text--small"><!----> Hood Light Egg Nog </h3></div><div role="link" class="product-grid-cell_sizes"><span class="product-grid-cell_size"> 1 QUART </span><span aria-hidden="true"> | </span><!----><span class="product-grid-cell_unit"> $0.12 / OZ </span></div><!----></div><div class="product-grid-cell_promo-name"><!----><!----><!----><!----><!----></div><!----><div class="margin-top--one"><!----><div data-v-4e03913c="" class="pdl-add-to-cart"><div data-v-4e03913c="" class="pdl-add-to-cart_button"><button data-v-4e03913c="" aria-label="Add to Cart" data-product-id="153160" data-price="3.89" class="button button--add-to-cart"> Add to Cart <!----></button><!----></div><!----></div></div><!----></div></div><!----><!----><div class="product-tile_action-items"><!----><!----><div class="shopping-list-menu_container"><div><button aria-label="add to shopping list" class="button pdl-product-detail_top-icon button--fourth pdl-product-detail_top-icon--borderless"><!----><div class="vector-icon-size--large"><svg xmlns="http://www.w3.org/2000/svg" aria-label="Shopping List Icon Add" viewBox="0 0 32 32" role="presentation" aria-hidden="true" focusable="false" class="vector-icon-color--dark-grey"><title lang="en">Shopping List Icon Add</title><desc></desc><g fill="" stroke=""><path d="M21.94066,15.3368884 L21.94066,12.8931995 C21.94066,12.3409148 22.3883752,11.8931995 22.94066,11.8931995 C23.4929447,11.8931995 23.94066,12.3409148 23.94066,12.8931995 L23.94066,15.3368884 L26.2522624,15.3368884 C26.8045471,15.3368884 27.2522624,15.7846037 27.2522624,16.3368884 C27.2522624,16.8891732 26.8045471,17.3368884 26.2522624,17.3368884 L23.94066,17.3368884 L23.94066,19.8787952 C23.94066,20.43108 23.4929447,20.8787952 22.94066,20.8787952 C22.3883752,20.8787952 21.94066,20.43108 21.94066,19.8787952 L21.94066,17.3368884 L19.2666667,17.3368884 C18.7143819,17.3368884 18.2666667,16.8891732 18.2666667,16.3368884 C18.2666667,15.7846037 18.7143819,15.3368884 19.2666667,15.3368884 L21.94066,15.3368884 Z M8,12 C7.44771525,12 7,11.5522847 7,11 C7,10.4477153 7.44771525,10 8,10 L19.1153581,10 C19.6676429,10 20.1153581,10.4477153 20.1153581,11 C20.1153581,11.5522847 19.6676429,12 19.1153581,12 L8,12 Z M8,17.3368884 C7.44771525,17.3368884 7,16.8891732 7,16.3368884 C7,15.7846037 7.44771525,15.3368884 8,15.3368884 L14.7200696,15.3368884 C15.2723543,15.3368884 15.7200696,15.7846037 15.7200696,16.3368884 C15.7200696,16.8891732 15.2723543,17.3368884 14.7200696,17.3368884 L8,17.3368884 Z M8,23 C7.44771525,23 7,22.5522847 7,22 C7,21.4477153 7.44771525,21 8,21 L19.1153581,21 C19.6676429,21 20.1153581,21.4477153 20.1153581,22 C20.1153581,22.5522847 19.6676429,23 19.1153581,23 L8,23 Z" fill="#000000" fill-rule="nonzero"></path></g></svg></div><div class="pdl-product-detail_list-tooltip"><p>Add item to shopping list</p><i></i></div></button><!----></div></div></div><!----></li><!----><!----><!----><li id="product-56" tabindex="-1" data-product-id="153163" aria-label="Hood Egg Nog Pumpkin Limited Edition" class="tile product-cell product-grid-cell"><!----><!----><!----><div class="product-tile_content"><div><!----><div class="flag_outer-container"><!----><!----><!----></div></div><!----><div><img src="./Search Results _ Giant_files/79OSU.png" alt="Hood Egg Nog Pumpkin Limited Edition" class="product-grid-image product-grid-cell_main-image"></div><div class="product-grid-cell_price-tag product-grid-cell_price-tag--full-tile"><div class="product-tile_detail"><div class="product-grid-cell_price-container"><span role="link" class="product-grid-cell_main-price"> $3.89 </span><!----></div></div><div class="product-tile_detail-title"><div data-v-7b5b6b2c="" role="link" tabindex="0" class="product-grid-cell_name"><h3 data-v-7b5b6b2c="" aria-label="Hood Egg Nog Pumpkin Limited Edition" class="product-grid-cell_name-text product-grid-cell_name-text--small"><!----> Hood Egg Nog Pumpkin Limited Edition </h3></div><div role="link" class="product-grid-cell_sizes"><span class="product-grid-cell_size"> 1 QUART </span><span aria-hidden="true"> | </span><!----><span class="product-grid-cell_unit"> $0.12 / OZ </span></div><!----></div><div class="product-grid-cell_promo-name"><!----><!----><!----><!----><!----></div><!----><div class="margin-top--one"><!----><div data-v-4e03913c="" class="pdl-add-to-cart"><div data-v-4e03913c="" class="pdl-add-to-cart_button"><button data-v-4e03913c="" aria-label="Add to Cart" data-product-id="153163" data-price="3.89" class="button button--add-to-cart"> Add to Cart <!----></button><!----></div><!----></div></div><!----></div></div><!----><!----><div class="product-tile_action-items"><!----><!----><div class="shopping-list-menu_container"><div><button aria-label="add to shopping list" class="button pdl-product-detail_top-icon button--fourth pdl-product-detail_top-icon--borderless"><!----><div class="vector-icon-size--large"><svg xmlns="http://www.w3.org/2000/svg" aria-label="Shopping List Icon Add" viewBox="0 0 32 32" role="presentation" aria-hidden="true" focusable="false" class="vector-icon-color--dark-grey"><title lang="en">Shopping List Icon Add</title><desc></desc><g fill="" stroke=""><path d="M21.94066,15.3368884 L21.94066,12.8931995 C21.94066,12.3409148 22.3883752,11.8931995 22.94066,11.8931995 C23.4929447,11.8931995 23.94066,12.3409148 23.94066,12.8931995 L23.94066,15.3368884 L26.2522624,15.3368884 C26.8045471,15.3368884 27.2522624,15.7846037 27.2522624,16.3368884 C27.2522624,16.8891732 26.8045471,17.3368884 26.2522624,17.3368884 L23.94066,17.3368884 L23.94066,19.8787952 C23.94066,20.43108 23.4929447,20.8787952 22.94066,20.8787952 C22.3883752,20.8787952 21.94066,20.43108 21.94066,19.8787952 L21.94066,17.3368884 L19.2666667,17.3368884 C18.7143819,17.3368884 18.2666667,16.8891732 18.2666667,16.3368884 C18.2666667,15.7846037 18.7143819,15.3368884 19.2666667,15.3368884 L21.94066,15.3368884 Z M8,12 C7.44771525,12 7,11.5522847 7,11 C7,10.4477153 7.44771525,10 8,10 L19.1153581,10 C19.6676429,10 20.1153581,10.4477153 20.1153581,11 C20.1153581,11.5522847 19.6676429,12 19.1153581,12 L8,12 Z M8,17.3368884 C7.44771525,17.3368884 7,16.8891732 7,16.3368884 C7,15.7846037 7.44771525,15.3368884 8,15.3368884 L14.7200696,15.3368884 C15.2723543,15.3368884 15.7200696,15.7846037 15.7200696,16.3368884 C15.7200696,16.8891732 15.2723543,17.3368884 14.7200696,17.3368884 L8,17.3368884 Z M8,23 C7.44771525,23 7,22.5522847 7,22 C7,21.4477153 7.44771525,21 8,21 L19.1153581,21 C19.6676429,21 20.1153581,21.4477153 20.1153581,22 C20.1153581,22.5522847 19.6676429,23 19.1153581,23 L8,23 Z" fill="#000000" fill-rule="nonzero"></path></g></svg></div><div class="pdl-product-detail_list-tooltip"><p>Add item to shopping list</p><i></i></div></button><!----></div></div></div><!----></li><!----><!----><!----><li id="product-57" tabindex="-1" data-product-id="154064" aria-label="Bechtle Egg Pasta Traditional German Spaetzle Farmer Style" class="tile product-cell product-grid-cell"><!----><!----><!----><div class="product-tile_content"><div><!----><div class="flag_outer-container"><!----><!----><!----></div></div><!----><div><img src="./Search Results _ Giant_files/E9VRR.jpg" alt="Bechtle Egg Pasta Traditional German Spaetzle Farmer Style" class="product-grid-image product-grid-cell_main-image"></div><div class="product-grid-cell_price-tag product-grid-cell_price-tag--full-tile"><div class="product-tile_detail"><div class="product-grid-cell_price-container"><span role="link" class="product-grid-cell_main-price"> $4.59 </span><!----></div></div><div class="product-tile_detail-title"><div data-v-7b5b6b2c="" role="link" tabindex="0" class="product-grid-cell_name"><h3 data-v-7b5b6b2c="" aria-label="Bechtle Egg Pasta Traditional German Spaetzle Farmer Style" class="product-grid-cell_name-text product-grid-cell_name-text--small"><!----> Bechtle Egg Pasta Traditional German Spaetzle Farmer Style </h3></div><div role="link" class="product-grid-cell_sizes"><span class="product-grid-cell_size"> 17.6 OZ BAG </span><span aria-hidden="true"> | </span><!----><span class="product-grid-cell_unit"> $0.26 / OZ </span></div><!----></div><div class="product-grid-cell_promo-name"><!----><!----><!----><!----><!----></div><!----><div class="margin-top--one"><!----><div data-v-4e03913c="" class="pdl-add-to-cart"><div data-v-4e03913c="" class="pdl-add-to-cart_button"><button data-v-4e03913c="" aria-label="Add to Cart" data-product-id="154064" data-price="4.59" class="button button--add-to-cart"> Add to Cart <!----></button><!----></div><!----></div></div><!----></div></div><!----><!----><div class="product-tile_action-items"><!----><!----><div class="shopping-list-menu_container"><div><button aria-label="add to shopping list" class="button pdl-product-detail_top-icon button--fourth pdl-product-detail_top-icon--borderless"><!----><div class="vector-icon-size--large"><svg xmlns="http://www.w3.org/2000/svg" aria-label="Shopping List Icon Add" viewBox="0 0 32 32" role="presentation" aria-hidden="true" focusable="false" class="vector-icon-color--dark-grey"><title lang="en">Shopping List Icon Add</title><desc></desc><g fill="" stroke=""><path d="M21.94066,15.3368884 L21.94066,12.8931995 C21.94066,12.3409148 22.3883752,11.8931995 22.94066,11.8931995 C23.4929447,11.8931995 23.94066,12.3409148 23.94066,12.8931995 L23.94066,15.3368884 L26.2522624,15.3368884 C26.8045471,15.3368884 27.2522624,15.7846037 27.2522624,16.3368884 C27.2522624,16.8891732 26.8045471,17.3368884 26.2522624,17.3368884 L23.94066,17.3368884 L23.94066,19.8787952 C23.94066,20.43108 23.4929447,20.8787952 22.94066,20.8787952 C22.3883752,20.8787952 21.94066,20.43108 21.94066,19.8787952 L21.94066,17.3368884 L19.2666667,17.3368884 C18.7143819,17.3368884 18.2666667,16.8891732 18.2666667,16.3368884 C18.2666667,15.7846037 18.7143819,15.3368884 19.2666667,15.3368884 L21.94066,15.3368884 Z M8,12 C7.44771525,12 7,11.5522847 7,11 C7,10.4477153 7.44771525,10 8,10 L19.1153581,10 C19.6676429,10 20.1153581,10.4477153 20.1153581,11 C20.1153581,11.5522847 19.6676429,12 19.1153581,12 L8,12 Z M8,17.3368884 C7.44771525,17.3368884 7,16.8891732 7,16.3368884 C7,15.7846037 7.44771525,15.3368884 8,15.3368884 L14.7200696,15.3368884 C15.2723543,15.3368884 15.7200696,15.7846037 15.7200696,16.3368884 C15.7200696,16.8891732 15.2723543,17.3368884 14.7200696,17.3368884 L8,17.3368884 Z M8,23 C7.44771525,23 7,22.5522847 7,22 C7,21.4477153 7.44771525,21 8,21 L19.1153581,21 C19.6676429,21 20.1153581,21.4477153 20.1153581,22 C20.1153581,22.5522847 19.6676429,23 19.1153581,23 L8,23 Z" fill="#000000" fill-rule="nonzero"></path></g></svg></div><div class="pdl-product-detail_list-tooltip"><p>Add item to shopping list</p><i></i></div></button><!----></div></div></div><!----></li><!----><!----><!----><li id="product-58" tabindex="-1" data-product-id="182035" aria-label="Giant World Menu Egg Rolls Pork - 5 ct Frozen" class="tile product-cell product-grid-cell"><!----><!----><!----><div class="product-tile_content"><div><!----><div class="flag_outer-container"><!----><!----><!----></div></div><!----><div><img src="./Search Results _ Giant_files/NSSBN.jpg" alt="Giant World Menu Egg Rolls Pork - 5 ct Frozen" class="product-grid-image product-grid-cell_main-image"></div><div class="product-grid-cell_price-tag product-grid-cell_price-tag--full-tile"><div class="product-tile_detail"><div class="product-grid-cell_price-container"><span role="link" class="product-grid-cell_main-price"> $4.49 </span><!----></div></div><div class="product-tile_detail-title"><div data-v-7b5b6b2c="" role="link" tabindex="0" class="product-grid-cell_name"><h3 data-v-7b5b6b2c="" aria-label="Giant World Menu Egg Rolls Pork - 5 ct Frozen" class="product-grid-cell_name-text product-grid-cell_name-text--small"><span data-v-7b5b6b2c="" class="vector-icon_inline-text--left"><div data-v-7b5b6b2c="" class="vector-icon-size--xsmall"><svg xmlns="http://www.w3.org/2000/svg" aria-label="Ahold Icon" viewBox="0 0 1024 945" role="presentation" aria-hidden="true" focusable="false" class=""><title lang="en">Ahold Icon</title><desc></desc><g fill="" stroke=""><g data-v-7b5b6b2c=""><path data-v-7b5b6b2c="" d="M1.893 730.617c-1.289-2.094-2.052-4.631-2.052-7.346 0-0.747 0.058-1.481 0.169-2.197 0.158-12.396 10.227-22.466 22.687-22.634l895.306-0c12.476 0.168 22.545 10.237 22.713 22.698-0.521 3.721-1.182 6.924-2.024 10.053l0.131-0.574c-86.363 175.072-263.598 293.385-468.466 293.385s-382.103-118.313-467.105-290.339l-1.361-3.046z" fill="rgb(247, 168, 0)" class="path1"></path><path data-v-7b5b6b2c="" d="M107.889 132.495c1.893-1.893 1.893-3.786 3.786-5.678 2.98-3.491 7.385-5.69 12.303-5.69s9.323 2.199 12.284 5.668l0.019 0.022 476.983 476.983c3.491 2.98 5.69 7.385 5.69 12.303s-2.199 9.323-5.668 12.284c-1.399 1.869-3.361 3.216-5.631 3.789l-0.069 0.015c-38.446 13.732-82.796 21.669-129.001 21.669-108.416 0-206.626-43.699-277.977-114.443-70.367-71.826-113.809-170.317-113.809-278.955 0-45.803 7.722-89.803 21.936-130.767l-0.845 2.8z" fill="rgb(226, 35, 26)" class="path2"></path><path data-v-7b5b6b2c="" d="M600.015 1.893c1.247-1.204 2.948-1.946 4.822-1.946 0.302 0 0.6 0.019 0.891 0.057 0.057-0.006 0.164-0.007 0.272-0.007 7.15 0 12.947 5.796 12.947 12.947 0 0.108-0.001 0.215-0.004 0.322l0-0.016v503.482c0.002 0.091 0.004 0.199 0.004 0.306 0 7.15-5.796 12.947-12.947 12.947-0.108 0-0.215-0.001-0.322-0.004-0.241 0.034-0.539 0.053-0.841 0.053-1.874 0-3.574-0.742-4.824-1.948l0.002 0.002c-98.273-48.542-164.673-148.065-164.673-263.098s66.401-214.556 162.964-262.333l1.709-0.765z" fill="rgb(113, 33, 119)" class="path3"></path><path data-v-7b5b6b2c="" d="M938.824 283.919c1.893 0 1.893 1.893 3.786 1.893 1.765 2.012 2.841 4.666 2.841 7.571s-1.077 5.559-2.853 7.584l0.011-0.013-268.776 266.884c-2.012 1.765-4.666 2.841-7.571 2.841s-5.559-1.077-7.584-2.853c-1.144-0.651-1.911-1.879-1.911-3.285 0-0.172 0.012-0.342 0.034-0.508l-0.002 0.019c-7.681-21.529-12.12-46.363-12.12-72.235 0-61.263 24.891-116.712 65.111-156.786 39.326-39.792 93.895-64.431 154.219-64.431 26.857 0 52.573 4.884 76.309 13.812l-1.494-0.493z" fill="rgb(130, 188, 0)" class="path4"></path></g></g></svg></div></span> Giant World Menu Egg Rolls Pork - 5 ct Frozen </h3></div><div role="link" class="product-grid-cell_sizes"><span class="product-grid-cell_size"> 15 OZ BOX </span><span aria-hidden="true"> | </span><!----><span class="product-grid-cell_unit"> $0.30 / OZ </span></div><!----></div><div class="product-grid-cell_promo-name"><!----><!----><!----><!----><!----></div><!----><div class="margin-top--one"><!----><div data-v-4e03913c="" class="pdl-add-to-cart"><div data-v-4e03913c="" class="pdl-add-to-cart_button"><button data-v-4e03913c="" aria-label="Add to Cart" data-product-id="182035" data-price="4.49" class="button button--add-to-cart"> Add to Cart <!----></button><!----></div><!----></div></div><!----></div></div><!----><!----><div class="product-tile_action-items"><!----><!----><div class="shopping-list-menu_container"><div><button aria-label="add to shopping list" class="button pdl-product-detail_top-icon button--fourth pdl-product-detail_top-icon--borderless"><!----><div class="vector-icon-size--large"><svg xmlns="http://www.w3.org/2000/svg" aria-label="Shopping List Icon Add" viewBox="0 0 32 32" role="presentation" aria-hidden="true" focusable="false" class="vector-icon-color--dark-grey"><title lang="en">Shopping List Icon Add</title><desc></desc><g fill="" stroke=""><path d="M21.94066,15.3368884 L21.94066,12.8931995 C21.94066,12.3409148 22.3883752,11.8931995 22.94066,11.8931995 C23.4929447,11.8931995 23.94066,12.3409148 23.94066,12.8931995 L23.94066,15.3368884 L26.2522624,15.3368884 C26.8045471,15.3368884 27.2522624,15.7846037 27.2522624,16.3368884 C27.2522624,16.8891732 26.8045471,17.3368884 26.2522624,17.3368884 L23.94066,17.3368884 L23.94066,19.8787952 C23.94066,20.43108 23.4929447,20.8787952 22.94066,20.8787952 C22.3883752,20.8787952 21.94066,20.43108 21.94066,19.8787952 L21.94066,17.3368884 L19.2666667,17.3368884 C18.7143819,17.3368884 18.2666667,16.8891732 18.2666667,16.3368884 C18.2666667,15.7846037 18.7143819,15.3368884 19.2666667,15.3368884 L21.94066,15.3368884 Z M8,12 C7.44771525,12 7,11.5522847 7,11 C7,10.4477153 7.44771525,10 8,10 L19.1153581,10 C19.6676429,10 20.1153581,10.4477153 20.1153581,11 C20.1153581,11.5522847 19.6676429,12 19.1153581,12 L8,12 Z M8,17.3368884 C7.44771525,17.3368884 7,16.8891732 7,16.3368884 C7,15.7846037 7.44771525,15.3368884 8,15.3368884 L14.7200696,15.3368884 C15.2723543,15.3368884 15.7200696,15.7846037 15.7200696,16.3368884 C15.7200696,16.8891732 15.2723543,17.3368884 14.7200696,17.3368884 L8,17.3368884 Z M8,23 C7.44771525,23 7,22.5522847 7,22 C7,21.4477153 7.44771525,21 8,21 L19.1153581,21 C19.6676429,21 20.1153581,21.4477153 20.1153581,22 C20.1153581,22.5522847 19.6676429,23 19.1153581,23 L8,23 Z" fill="#000000" fill-rule="nonzero"></path></g></svg></div><div class="pdl-product-detail_list-tooltip"><p>Add item to shopping list</p><i></i></div></button><!----></div></div></div><!----></li><!----><!----><!----><li id="product-59" tabindex="-1" data-product-id="203455" aria-label="Bechtle Egg Noodles Broad Cage-Free" class="tile product-cell product-grid-cell"><!----><!----><!----><div class="product-tile_content"><div><!----><div class="flag_outer-container"><!----><!----><!----></div></div><!----><div><img src="./Search Results _ Giant_files/CH5HM.jpg" alt="Bechtle Egg Noodles Broad Cage-Free" class="product-grid-image product-grid-cell_main-image"></div><div class="product-grid-cell_price-tag product-grid-cell_price-tag--full-tile"><div class="product-tile_detail"><div class="product-grid-cell_price-container"><span role="link" class="product-grid-cell_main-price"> $4.59 </span><!----></div></div><div class="product-tile_detail-title"><div data-v-7b5b6b2c="" role="link" tabindex="0" class="product-grid-cell_name"><h3 data-v-7b5b6b2c="" aria-label="Bechtle Egg Noodles Broad Cage-Free" class="product-grid-cell_name-text product-grid-cell_name-text--small"><!----> Bechtle Egg Noodles Broad Cage-Free </h3></div><div role="link" class="product-grid-cell_sizes"><span class="product-grid-cell_size"> 17.6 OZ BAG </span><span aria-hidden="true"> | </span><!----><span class="product-grid-cell_unit"> $0.26 / OZ </span></div><!----></div><div class="product-grid-cell_promo-name"><!----><!----><!----><!----><!----></div><!----><div class="margin-top--one"><!----><div data-v-4e03913c="" class="pdl-add-to-cart"><div data-v-4e03913c="" class="pdl-add-to-cart_button"><button data-v-4e03913c="" aria-label="Add to Cart" data-product-id="203455" data-price="4.59" class="button button--add-to-cart"> Add to Cart <!----></button><!----></div><!----></div></div><!----></div></div><!----><!----><div class="product-tile_action-items"><!----><!----><div class="shopping-list-menu_container"><div><button aria-label="add to shopping list" class="button pdl-product-detail_top-icon button--fourth pdl-product-detail_top-icon--borderless"><!----><div class="vector-icon-size--large"><svg xmlns="http://www.w3.org/2000/svg" aria-label="Shopping List Icon Add" viewBox="0 0 32 32" role="presentation" aria-hidden="true" focusable="false" class="vector-icon-color--dark-grey"><title lang="en">Shopping List Icon Add</title><desc></desc><g fill="" stroke=""><path d="M21.94066,15.3368884 L21.94066,12.8931995 C21.94066,12.3409148 22.3883752,11.8931995 22.94066,11.8931995 C23.4929447,11.8931995 23.94066,12.3409148 23.94066,12.8931995 L23.94066,15.3368884 L26.2522624,15.3368884 C26.8045471,15.3368884 27.2522624,15.7846037 27.2522624,16.3368884 C27.2522624,16.8891732 26.8045471,17.3368884 26.2522624,17.3368884 L23.94066,17.3368884 L23.94066,19.8787952 C23.94066,20.43108 23.4929447,20.8787952 22.94066,20.8787952 C22.3883752,20.8787952 21.94066,20.43108 21.94066,19.8787952 L21.94066,17.3368884 L19.2666667,17.3368884 C18.7143819,17.3368884 18.2666667,16.8891732 18.2666667,16.3368884 C18.2666667,15.7846037 18.7143819,15.3368884 19.2666667,15.3368884 L21.94066,15.3368884 Z M8,12 C7.44771525,12 7,11.5522847 7,11 C7,10.4477153 7.44771525,10 8,10 L19.1153581,10 C19.6676429,10 20.1153581,10.4477153 20.1153581,11 C20.1153581,11.5522847 19.6676429,12 19.1153581,12 L8,12 Z M8,17.3368884 C7.44771525,17.3368884 7,16.8891732 7,16.3368884 C7,15.7846037 7.44771525,15.3368884 8,15.3368884 L14.7200696,15.3368884 C15.2723543,15.3368884 15.7200696,15.7846037 15.7200696,16.3368884 C15.7200696,16.8891732 15.2723543,17.3368884 14.7200696,17.3368884 L8,17.3368884 Z M8,23 C7.44771525,23 7,22.5522847 7,22 C7,21.4477153 7.44771525,21 8,21 L19.1153581,21 C19.6676429,21 20.1153581,21.4477153 20.1153581,22 C20.1153581,22.5522847 19.6676429,23 19.1153581,23 L8,23 Z" fill="#000000" fill-rule="nonzero"></path></g></svg></div><div class="pdl-product-detail_list-tooltip"><p>Add item to shopping list</p><i></i></div></button><!----></div></div></div><!----></li><!----><!----><!----><li id="product-60" tabindex="-1" data-product-id="212894" aria-label="Jimmy Dean Breakfast Bowls Steak &amp; Eggs" class="tile product-cell product-grid-cell"><!----><!----><!----><div class="product-tile_content"><div><!----><div class="flag_outer-container"><!----><!----><!----></div></div><!----><div><img src="./Search Results _ Giant_files/DJ1I2.jpg" alt="Jimmy Dean Breakfast Bowls Steak &amp; Eggs" class="product-grid-image product-grid-cell_main-image"></div><div class="product-grid-cell_price-tag product-grid-cell_price-tag--full-tile"><div class="product-tile_detail"><div class="product-grid-cell_price-container"><span role="link" class="product-grid-cell_main-price"> $3.59 </span><!----></div></div><div class="product-tile_detail-title"><div data-v-7b5b6b2c="" role="link" tabindex="0" class="product-grid-cell_name"><h3 data-v-7b5b6b2c="" aria-label="Jimmy Dean Breakfast Bowls Steak &amp; Eggs" class="product-grid-cell_name-text product-grid-cell_name-text--small"><!----> Jimmy Dean Breakfast Bowls Steak &amp; Eggs </h3></div><div role="link" class="product-grid-cell_sizes"><span class="product-grid-cell_size"> 7 OZ BOWL </span><span aria-hidden="true"> | </span><!----><span class="product-grid-cell_unit"> $0.51 / OZ </span></div><!----></div><div class="product-grid-cell_promo-name"><!----><!----><!----><!----><!----></div><!----><div class="margin-top--one"><!----><div data-v-4e03913c="" class="pdl-add-to-cart"><div data-v-4e03913c="" class="pdl-add-to-cart_button"><button data-v-4e03913c="" aria-label="Add to Cart" data-product-id="212894" data-price="3.59" class="button button--add-to-cart"> Add to Cart <!----></button><!----></div><!----></div></div><!----></div></div><!----><!----><div class="product-tile_action-items"><!----><!----><div class="shopping-list-menu_container"><div><button aria-label="add to shopping list" class="button pdl-product-detail_top-icon button--fourth pdl-product-detail_top-icon--borderless"><!----><div class="vector-icon-size--large"><svg xmlns="http://www.w3.org/2000/svg" aria-label="Shopping List Icon Add" viewBox="0 0 32 32" role="presentation" aria-hidden="true" focusable="false" class="vector-icon-color--dark-grey"><title lang="en">Shopping List Icon Add</title><desc></desc><g fill="" stroke=""><path d="M21.94066,15.3368884 L21.94066,12.8931995 C21.94066,12.3409148 22.3883752,11.8931995 22.94066,11.8931995 C23.4929447,11.8931995 23.94066,12.3409148 23.94066,12.8931995 L23.94066,15.3368884 L26.2522624,15.3368884 C26.8045471,15.3368884 27.2522624,15.7846037 27.2522624,16.3368884 C27.2522624,16.8891732 26.8045471,17.3368884 26.2522624,17.3368884 L23.94066,17.3368884 L23.94066,19.8787952 C23.94066,20.43108 23.4929447,20.8787952 22.94066,20.8787952 C22.3883752,20.8787952 21.94066,20.43108 21.94066,19.8787952 L21.94066,17.3368884 L19.2666667,17.3368884 C18.7143819,17.3368884 18.2666667,16.8891732 18.2666667,16.3368884 C18.2666667,15.7846037 18.7143819,15.3368884 19.2666667,15.3368884 L21.94066,15.3368884 Z M8,12 C7.44771525,12 7,11.5522847 7,11 C7,10.4477153 7.44771525,10 8,10 L19.1153581,10 C19.6676429,10 20.1153581,10.4477153 20.1153581,11 C20.1153581,11.5522847 19.6676429,12 19.1153581,12 L8,12 Z M8,17.3368884 C7.44771525,17.3368884 7,16.8891732 7,16.3368884 C7,15.7846037 7.44771525,15.3368884 8,15.3368884 L14.7200696,15.3368884 C15.2723543,15.3368884 15.7200696,15.7846037 15.7200696,16.3368884 C15.7200696,16.8891732 15.2723543,17.3368884 14.7200696,17.3368884 L8,17.3368884 Z M8,23 C7.44771525,23 7,22.5522847 7,22 C7,21.4477153 7.44771525,21 8,21 L19.1153581,21 C19.6676429,21 20.1153581,21.4477153 20.1153581,22 C20.1153581,22.5522847 19.6676429,23 19.1153581,23 L8,23 Z" fill="#000000" fill-rule="nonzero"></path></g></svg></div><div class="pdl-product-detail_list-tooltip"><p>Add item to shopping list</p><i></i></div></button><!----></div></div></div><!----></li><!----><!----><!----><li id="product-61" tabindex="-1" data-product-id="214330" aria-label="P.F. Chang&#39;s Home Menu Egg Rolls Chicken Mini - 8 ct" class="tile product-cell product-grid-cell"><!----><!----><!----><div class="product-tile_content"><div><!----><div class="flag_outer-container"><!----><!----><!----></div></div><!----><div><img src="data:image/svg+xml;base64,PD94bWwgdmVyc2lvbj0iMS4wIiBlbmNvZGluZz0idXRmLTgiPz4KPCEtLSBHZW5lcmF0ZWQgYnkgSWNvTW9vbi5pbyAtLT4KPCFET0NUWVBFIHN2ZyBQVUJMSUMgIi0vL1czQy8vRFREIFNWRyAxLjEvL0VOIiAiaHR0cDovL3d3dy53My5vcmcvR3JhcGhpY3MvU1ZHLzEuMS9EVEQvc3ZnMTEuZHRkIj4KPHN2ZyB2ZXJzaW9uPSIxLjEiIHhtbG5zPSJodHRwOi8vd3d3LnczLm9yZy8yMDAwL3N2ZyIgeG1sbnM6eGxpbms9Imh0dHA6Ly93d3cudzMub3JnLzE5OTkveGxpbmsiIHdpZHRoPSI0OCIgaGVpZ2h0PSI0OCIgdmlld0JveD0iMCAwIDQ4IDQ4Ij4KPGcgaWQ9Imljb21vb24taWdub3JlIj4KCTxsaW5lIHN0cm9rZS13aWR0aD0iMSIgeDE9IiIgeTE9IiIgeDI9IiIgeTI9IiIgc3Ryb2tlPSIjNDQ5RkRCIiBvcGFjaXR5PSIiPjwvbGluZT4KPC9nPgoJPHBhdGggZD0iTTM4LjQ4IDkuMDcwYzAuMjQ4IDAgMC40NSAwLjIwMiAwLjQ1IDAuNDV2MjguOTU5YzAgMC4yNDgtMC4yMDIgMC40NS0wLjQ1IDAuNDVoLTI4Ljk1OWMtMC4yNDggMC0wLjQ1LTAuMjAyLTAuNDUtMC40NXYtMjguOTU5YzAtMC4yNDggMC4yMDItMC40NSAwLjQ1LTAuNDVoMjguOTU5ek0zOC40OCA4aC0yOC45NTljLTAuODQgMC0xLjUyIDAuNjgxLTEuNTIgMS41MjF2MjguOTU5YzAgMC44NCAwLjY4MSAxLjUyMSAxLjUyIDEuNTIxaDI4Ljk1OWMwLjg0IDAgMS41Mi0wLjY4MSAxLjUyLTEuNTIxdi0yOC45NTljMC0wLjg0LTAuNjgxLTEuNTIxLTEuNTItMS41MjF2MHoiIG9wYWNpdHk9IjEiIHZpc2liaWxpdHk9ImZhbHNlIiBmaWxsPSIjZDdkN2Q3Ij48L3BhdGg+Cgk8cGF0aCBkPSJNMTIuMjI4IDM1LjIyNHYtMy4zMjljMC0wLjE0NSAwLjA1OC0wLjI4NSAwLjE2LTAuMzg4bDUuNTg3LTUuNTg3YzAuMjE0LTAuMjE0IDAuNTYxLTAuMjE0IDAuNzc1IDBsMi4xMTkgMi4xMTljMC4yMTQgMC4yMTQgMC41NjEgMC4yMTQgMC43NzUgMGw4LjE5MS04LjE5MmMwLjIxNC0wLjIxNCAwLjU2MS0wLjIxNCAwLjc3NSAwbDUgNWMwLjEwMyAwLjEwMyAwLjE2IDAuMjQyIDAuMTYgMC4zODh2OS45ODhjMCAwLjMwMy0wLjI0NSAwLjU0OC0wLjU0OCAwLjU0OGgtMjIuNDQ3Yy0wLjMwMyAwLTAuNTQ4LTAuMjQ1LTAuNTQ4LTAuNTQ4eiIgb3BhY2l0eT0iMSIgdmlzaWJpbGl0eT0iZmFsc2UiIGZpbGw9IiNkN2Q3ZDciPjwvcGF0aD4KCTxwYXRoIGQ9Ik0yMS41NDQgMTcuOTY3YzAgMS45ODItMS42MDYgMy41ODgtMy41ODggMy41ODhzLTMuNTg4LTEuNjA2LTMuNTg4LTMuNTg4YzAtMS45ODEgMS42MDYtMy41ODggMy41ODgtMy41ODhzMy41ODggMS42MDYgMy41ODggMy41ODh6IiBvcGFjaXR5PSIxIiB2aXNpYmlsaXR5PSJmYWxzZSIgZmlsbD0iI2Q3ZDdkNyI+PC9wYXRoPgo8L3N2Zz4K" alt="P.F. Chang&#39;s Home Menu Egg Rolls Chicken Mini - 8 ct" class="product-grid-image product-grid-cell_main-image"></div><div class="product-grid-cell_price-tag product-grid-cell_price-tag--full-tile"><div class="product-tile_detail"><div class="product-grid-cell_price-container"><span role="link" class="product-grid-cell_main-price"> $3.99 </span><!----></div></div><div class="product-tile_detail-title"><div data-v-7b5b6b2c="" role="link" tabindex="0" class="product-grid-cell_name"><h3 data-v-7b5b6b2c="" aria-label="P.F. Chang&#39;s Home Menu Egg Rolls Chicken Mini - 8 ct" class="product-grid-cell_name-text product-grid-cell_name-text--small"><!----> P.F. Chang's Home Menu Egg Rolls Chicken Mini - 8 ct </h3></div><div role="link" class="product-grid-cell_sizes"><span class="product-grid-cell_size"> 8.8 OZ BOX </span><span aria-hidden="true"> | </span><!----><span class="product-grid-cell_unit"> $0.45 / OZ </span></div><!----></div><div class="product-grid-cell_promo-name"><!----><div tabindex="0" role="link" aria-label="Open coupon details" class="product-tile_coupon-offer product-tile_coupon-offer-eci"><div class="product-tile_coupon-offer-display"><!----><!----><div class="product-tile_coupon-offer-name flex-center product-tile_coupon-offer-name--full-tile"><span><!----></span> Spend $25, Get a Free* Marie Callender's Dessert </div></div><!----><div class="product-tile_coupon-offer-loading-coupon"><!----></div></div><!----><!----><!----></div><!----><div class="margin-top--one"><div class="pdl-add-to-cart"><button class="button button--disabled out-of-stock_text"> Out of Stock </button><!----></div><!----></div><!----></div></div><!----><!----><div class="product-tile_action-items"><!----><!----><div class="shopping-list-menu_container"><div><button aria-label="add to shopping list" class="button pdl-product-detail_top-icon button--fourth pdl-product-detail_top-icon--borderless"><!----><div class="vector-icon-size--large"><svg xmlns="http://www.w3.org/2000/svg" aria-label="Shopping List Icon Add" viewBox="0 0 32 32" role="presentation" aria-hidden="true" focusable="false" class="vector-icon-color--dark-grey"><title lang="en">Shopping List Icon Add</title><desc></desc><g fill="" stroke=""><path d="M21.94066,15.3368884 L21.94066,12.8931995 C21.94066,12.3409148 22.3883752,11.8931995 22.94066,11.8931995 C23.4929447,11.8931995 23.94066,12.3409148 23.94066,12.8931995 L23.94066,15.3368884 L26.2522624,15.3368884 C26.8045471,15.3368884 27.2522624,15.7846037 27.2522624,16.3368884 C27.2522624,16.8891732 26.8045471,17.3368884 26.2522624,17.3368884 L23.94066,17.3368884 L23.94066,19.8787952 C23.94066,20.43108 23.4929447,20.8787952 22.94066,20.8787952 C22.3883752,20.8787952 21.94066,20.43108 21.94066,19.8787952 L21.94066,17.3368884 L19.2666667,17.3368884 C18.7143819,17.3368884 18.2666667,16.8891732 18.2666667,16.3368884 C18.2666667,15.7846037 18.7143819,15.3368884 19.2666667,15.3368884 L21.94066,15.3368884 Z M8,12 C7.44771525,12 7,11.5522847 7,11 C7,10.4477153 7.44771525,10 8,10 L19.1153581,10 C19.6676429,10 20.1153581,10.4477153 20.1153581,11 C20.1153581,11.5522847 19.6676429,12 19.1153581,12 L8,12 Z M8,17.3368884 C7.44771525,17.3368884 7,16.8891732 7,16.3368884 C7,15.7846037 7.44771525,15.3368884 8,15.3368884 L14.7200696,15.3368884 C15.2723543,15.3368884 15.7200696,15.7846037 15.7200696,16.3368884 C15.7200696,16.8891732 15.2723543,17.3368884 14.7200696,17.3368884 L8,17.3368884 Z M8,23 C7.44771525,23 7,22.5522847 7,22 C7,21.4477153 7.44771525,21 8,21 L19.1153581,21 C19.6676429,21 20.1153581,21.4477153 20.1153581,22 C20.1153581,22.5522847 19.6676429,23 19.1153581,23 L8,23 Z" fill="#000000" fill-rule="nonzero"></path></g></svg></div><div class="pdl-product-detail_list-tooltip"><p>Add item to shopping list</p><i></i></div></button><!----></div></div></div><!----></li><!----><!----><!----><li id="product-62" tabindex="-1" data-product-id="22505" aria-label="No Yolks Enriched Egg White Pasta Egg Dumplings" class="tile product-cell product-grid-cell"><!----><!----><!----><div class="product-tile_content"><div><!----><div class="flag_outer-container"><span class="flag_label flag_label--tomato"> Sale </span><!----><!----></div></div><!----><div><img src="data:image/svg+xml;base64,PD94bWwgdmVyc2lvbj0iMS4wIiBlbmNvZGluZz0idXRmLTgiPz4KPCEtLSBHZW5lcmF0ZWQgYnkgSWNvTW9vbi5pbyAtLT4KPCFET0NUWVBFIHN2ZyBQVUJMSUMgIi0vL1czQy8vRFREIFNWRyAxLjEvL0VOIiAiaHR0cDovL3d3dy53My5vcmcvR3JhcGhpY3MvU1ZHLzEuMS9EVEQvc3ZnMTEuZHRkIj4KPHN2ZyB2ZXJzaW9uPSIxLjEiIHhtbG5zPSJodHRwOi8vd3d3LnczLm9yZy8yMDAwL3N2ZyIgeG1sbnM6eGxpbms9Imh0dHA6Ly93d3cudzMub3JnLzE5OTkveGxpbmsiIHdpZHRoPSI0OCIgaGVpZ2h0PSI0OCIgdmlld0JveD0iMCAwIDQ4IDQ4Ij4KPGcgaWQ9Imljb21vb24taWdub3JlIj4KCTxsaW5lIHN0cm9rZS13aWR0aD0iMSIgeDE9IiIgeTE9IiIgeDI9IiIgeTI9IiIgc3Ryb2tlPSIjNDQ5RkRCIiBvcGFjaXR5PSIiPjwvbGluZT4KPC9nPgoJPHBhdGggZD0iTTM4LjQ4IDkuMDcwYzAuMjQ4IDAgMC40NSAwLjIwMiAwLjQ1IDAuNDV2MjguOTU5YzAgMC4yNDgtMC4yMDIgMC40NS0wLjQ1IDAuNDVoLTI4Ljk1OWMtMC4yNDggMC0wLjQ1LTAuMjAyLTAuNDUtMC40NXYtMjguOTU5YzAtMC4yNDggMC4yMDItMC40NSAwLjQ1LTAuNDVoMjguOTU5ek0zOC40OCA4aC0yOC45NTljLTAuODQgMC0xLjUyIDAuNjgxLTEuNTIgMS41MjF2MjguOTU5YzAgMC44NCAwLjY4MSAxLjUyMSAxLjUyIDEuNTIxaDI4Ljk1OWMwLjg0IDAgMS41Mi0wLjY4MSAxLjUyLTEuNTIxdi0yOC45NTljMC0wLjg0LTAuNjgxLTEuNTIxLTEuNTItMS41MjF2MHoiIG9wYWNpdHk9IjEiIHZpc2liaWxpdHk9ImZhbHNlIiBmaWxsPSIjZDdkN2Q3Ij48L3BhdGg+Cgk8cGF0aCBkPSJNMTIuMjI4IDM1LjIyNHYtMy4zMjljMC0wLjE0NSAwLjA1OC0wLjI4NSAwLjE2LTAuMzg4bDUuNTg3LTUuNTg3YzAuMjE0LTAuMjE0IDAuNTYxLTAuMjE0IDAuNzc1IDBsMi4xMTkgMi4xMTljMC4yMTQgMC4yMTQgMC41NjEgMC4yMTQgMC43NzUgMGw4LjE5MS04LjE5MmMwLjIxNC0wLjIxNCAwLjU2MS0wLjIxNCAwLjc3NSAwbDUgNWMwLjEwMyAwLjEwMyAwLjE2IDAuMjQyIDAuMTYgMC4zODh2OS45ODhjMCAwLjMwMy0wLjI0NSAwLjU0OC0wLjU0OCAwLjU0OGgtMjIuNDQ3Yy0wLjMwMyAwLTAuNTQ4LTAuMjQ1LTAuNTQ4LTAuNTQ4eiIgb3BhY2l0eT0iMSIgdmlzaWJpbGl0eT0iZmFsc2UiIGZpbGw9IiNkN2Q3ZDciPjwvcGF0aD4KCTxwYXRoIGQ9Ik0yMS41NDQgMTcuOTY3YzAgMS45ODItMS42MDYgMy41ODgtMy41ODggMy41ODhzLTMuNTg4LTEuNjA2LTMuNTg4LTMuNTg4YzAtMS45ODEgMS42MDYtMy41ODggMy41ODgtMy41ODhzMy41ODggMS42MDYgMy41ODggMy41ODh6IiBvcGFjaXR5PSIxIiB2aXNpYmlsaXR5PSJmYWxzZSIgZmlsbD0iI2Q3ZDdkNyI+PC9wYXRoPgo8L3N2Zz4K" alt="No Yolks Enriched Egg White Pasta Egg Dumplings" class="product-grid-image product-grid-cell_main-image"></div><div class="product-grid-cell_price-tag product-grid-cell_price-tag--full-tile"><div class="product-tile_detail"><div class="product-grid-cell_price-container product-grid-cell_price-container_column"><span role="link" class="product-grid-cell_main-price product-grid-cell_main-price--on-sale"> $2.00 </span><div class="product-grid-cell_was-container"><span class="product-grid-cell_regular-price product-grid-cell_regular-price--small"> $2.29 </span></div></div></div><div class="product-tile_detail-title"><div data-v-7b5b6b2c="" role="link" tabindex="0" class="product-grid-cell_name"><h3 data-v-7b5b6b2c="" aria-label="No Yolks Enriched Egg White Pasta Egg Dumplings" class="product-grid-cell_name-text product-grid-cell_name-text--small"><!----> No Yolks Enriched Egg White Pasta Egg Dumplings </h3></div><div role="link" class="product-grid-cell_sizes"><span class="product-grid-cell_size"> 12 OZ BAG </span><span aria-hidden="true"> | </span><!----><span class="product-grid-cell_unit"> $0.17 / OZ </span></div><!----></div><div class="product-grid-cell_promo-name"><!----><!----><!----><!----><!----></div><!----><div class="margin-top--one"><!----><div data-v-4e03913c="" class="pdl-add-to-cart"><div data-v-4e03913c="" class="pdl-add-to-cart_button"><button data-v-4e03913c="" aria-label="Add to Cart" data-product-id="22505" data-price="2" class="button button--add-to-cart"> Add to Cart <!----></button><!----></div><!----></div></div><!----></div></div><!----><!----><div class="product-tile_action-items"><!----><!----><div class="shopping-list-menu_container"><div><button aria-label="add to shopping list" class="button pdl-product-detail_top-icon button--fourth pdl-product-detail_top-icon--borderless"><!----><div class="vector-icon-size--large"><svg xmlns="http://www.w3.org/2000/svg" aria-label="Shopping List Icon Add" viewBox="0 0 32 32" role="presentation" aria-hidden="true" focusable="false" class="vector-icon-color--dark-grey"><title lang="en">Shopping List Icon Add</title><desc></desc><g fill="" stroke=""><path d="M21.94066,15.3368884 L21.94066,12.8931995 C21.94066,12.3409148 22.3883752,11.8931995 22.94066,11.8931995 C23.4929447,11.8931995 23.94066,12.3409148 23.94066,12.8931995 L23.94066,15.3368884 L26.2522624,15.3368884 C26.8045471,15.3368884 27.2522624,15.7846037 27.2522624,16.3368884 C27.2522624,16.8891732 26.8045471,17.3368884 26.2522624,17.3368884 L23.94066,17.3368884 L23.94066,19.8787952 C23.94066,20.43108 23.4929447,20.8787952 22.94066,20.8787952 C22.3883752,20.8787952 21.94066,20.43108 21.94066,19.8787952 L21.94066,17.3368884 L19.2666667,17.3368884 C18.7143819,17.3368884 18.2666667,16.8891732 18.2666667,16.3368884 C18.2666667,15.7846037 18.7143819,15.3368884 19.2666667,15.3368884 L21.94066,15.3368884 Z M8,12 C7.44771525,12 7,11.5522847 7,11 C7,10.4477153 7.44771525,10 8,10 L19.1153581,10 C19.6676429,10 20.1153581,10.4477153 20.1153581,11 C20.1153581,11.5522847 19.6676429,12 19.1153581,12 L8,12 Z M8,17.3368884 C7.44771525,17.3368884 7,16.8891732 7,16.3368884 C7,15.7846037 7.44771525,15.3368884 8,15.3368884 L14.7200696,15.3368884 C15.2723543,15.3368884 15.7200696,15.7846037 15.7200696,16.3368884 C15.7200696,16.8891732 15.2723543,17.3368884 14.7200696,17.3368884 L8,17.3368884 Z M8,23 C7.44771525,23 7,22.5522847 7,22 C7,21.4477153 7.44771525,21 8,21 L19.1153581,21 C19.6676429,21 20.1153581,21.4477153 20.1153581,22 C20.1153581,22.5522847 19.6676429,23 19.1153581,23 L8,23 Z" fill="#000000" fill-rule="nonzero"></path></g></svg></div><div class="pdl-product-detail_list-tooltip"><p>Add item to shopping list</p><i></i></div></button><!----></div></div></div><!----></li><!----><!----><!----><li id="product-63" tabindex="-1" data-product-id="232496" aria-label="No Yolks Enriched Egg White Pasta Stir Fry Noodles" class="tile product-cell product-grid-cell"><!----><!----><!----><div class="product-tile_content"><div><!----><div class="flag_outer-container"><span class="flag_label flag_label--tomato"> Sale </span><!----><!----></div></div><!----><div><img src="data:image/svg+xml;base64,PD94bWwgdmVyc2lvbj0iMS4wIiBlbmNvZGluZz0idXRmLTgiPz4KPCEtLSBHZW5lcmF0ZWQgYnkgSWNvTW9vbi5pbyAtLT4KPCFET0NUWVBFIHN2ZyBQVUJMSUMgIi0vL1czQy8vRFREIFNWRyAxLjEvL0VOIiAiaHR0cDovL3d3dy53My5vcmcvR3JhcGhpY3MvU1ZHLzEuMS9EVEQvc3ZnMTEuZHRkIj4KPHN2ZyB2ZXJzaW9uPSIxLjEiIHhtbG5zPSJodHRwOi8vd3d3LnczLm9yZy8yMDAwL3N2ZyIgeG1sbnM6eGxpbms9Imh0dHA6Ly93d3cudzMub3JnLzE5OTkveGxpbmsiIHdpZHRoPSI0OCIgaGVpZ2h0PSI0OCIgdmlld0JveD0iMCAwIDQ4IDQ4Ij4KPGcgaWQ9Imljb21vb24taWdub3JlIj4KCTxsaW5lIHN0cm9rZS13aWR0aD0iMSIgeDE9IiIgeTE9IiIgeDI9IiIgeTI9IiIgc3Ryb2tlPSIjNDQ5RkRCIiBvcGFjaXR5PSIiPjwvbGluZT4KPC9nPgoJPHBhdGggZD0iTTM4LjQ4IDkuMDcwYzAuMjQ4IDAgMC40NSAwLjIwMiAwLjQ1IDAuNDV2MjguOTU5YzAgMC4yNDgtMC4yMDIgMC40NS0wLjQ1IDAuNDVoLTI4Ljk1OWMtMC4yNDggMC0wLjQ1LTAuMjAyLTAuNDUtMC40NXYtMjguOTU5YzAtMC4yNDggMC4yMDItMC40NSAwLjQ1LTAuNDVoMjguOTU5ek0zOC40OCA4aC0yOC45NTljLTAuODQgMC0xLjUyIDAuNjgxLTEuNTIgMS41MjF2MjguOTU5YzAgMC44NCAwLjY4MSAxLjUyMSAxLjUyIDEuNTIxaDI4Ljk1OWMwLjg0IDAgMS41Mi0wLjY4MSAxLjUyLTEuNTIxdi0yOC45NTljMC0wLjg0LTAuNjgxLTEuNTIxLTEuNTItMS41MjF2MHoiIG9wYWNpdHk9IjEiIHZpc2liaWxpdHk9ImZhbHNlIiBmaWxsPSIjZDdkN2Q3Ij48L3BhdGg+Cgk8cGF0aCBkPSJNMTIuMjI4IDM1LjIyNHYtMy4zMjljMC0wLjE0NSAwLjA1OC0wLjI4NSAwLjE2LTAuMzg4bDUuNTg3LTUuNTg3YzAuMjE0LTAuMjE0IDAuNTYxLTAuMjE0IDAuNzc1IDBsMi4xMTkgMi4xMTljMC4yMTQgMC4yMTQgMC41NjEgMC4yMTQgMC43NzUgMGw4LjE5MS04LjE5MmMwLjIxNC0wLjIxNCAwLjU2MS0wLjIxNCAwLjc3NSAwbDUgNWMwLjEwMyAwLjEwMyAwLjE2IDAuMjQyIDAuMTYgMC4zODh2OS45ODhjMCAwLjMwMy0wLjI0NSAwLjU0OC0wLjU0OCAwLjU0OGgtMjIuNDQ3Yy0wLjMwMyAwLTAuNTQ4LTAuMjQ1LTAuNTQ4LTAuNTQ4eiIgb3BhY2l0eT0iMSIgdmlzaWJpbGl0eT0iZmFsc2UiIGZpbGw9IiNkN2Q3ZDciPjwvcGF0aD4KCTxwYXRoIGQ9Ik0yMS41NDQgMTcuOTY3YzAgMS45ODItMS42MDYgMy41ODgtMy41ODggMy41ODhzLTMuNTg4LTEuNjA2LTMuNTg4LTMuNTg4YzAtMS45ODEgMS42MDYtMy41ODggMy41ODgtMy41ODhzMy41ODggMS42MDYgMy41ODggMy41ODh6IiBvcGFjaXR5PSIxIiB2aXNpYmlsaXR5PSJmYWxzZSIgZmlsbD0iI2Q3ZDdkNyI+PC9wYXRoPgo8L3N2Zz4K" alt="No Yolks Enriched Egg White Pasta Stir Fry Noodles" class="product-grid-image product-grid-cell_main-image"></div><div class="product-grid-cell_price-tag product-grid-cell_price-tag--full-tile"><div class="product-tile_detail"><div class="product-grid-cell_price-container product-grid-cell_price-container_column"><span role="link" class="product-grid-cell_main-price product-grid-cell_main-price--on-sale"> $2.00 </span><div class="product-grid-cell_was-container"><span class="product-grid-cell_regular-price product-grid-cell_regular-price--small"> $2.29 </span></div></div></div><div class="product-tile_detail-title"><div data-v-7b5b6b2c="" role="link" tabindex="0" class="product-grid-cell_name"><h3 data-v-7b5b6b2c="" aria-label="No Yolks Enriched Egg White Pasta Stir Fry Noodles" class="product-grid-cell_name-text product-grid-cell_name-text--small"><!----> No Yolks Enriched Egg White Pasta Stir Fry Noodles </h3></div><div role="link" class="product-grid-cell_sizes"><span class="product-grid-cell_size"> 12 OZ PKG </span><span aria-hidden="true"> | </span><!----><span class="product-grid-cell_unit"> $0.17 / OZ </span></div><!----></div><div class="product-grid-cell_promo-name"><!----><!----><!----><!----><!----></div><!----><div class="margin-top--one"><!----><div data-v-4e03913c="" class="pdl-add-to-cart"><div data-v-4e03913c="" class="pdl-add-to-cart_button"><button data-v-4e03913c="" aria-label="Add to Cart" data-product-id="232496" data-price="2" class="button button--add-to-cart"> Add to Cart <!----></button><!----></div><!----></div></div><!----></div></div><!----><!----><div class="product-tile_action-items"><!----><!----><div class="shopping-list-menu_container"><div><button aria-label="add to shopping list" class="button pdl-product-detail_top-icon button--fourth pdl-product-detail_top-icon--borderless"><!----><div class="vector-icon-size--large"><svg xmlns="http://www.w3.org/2000/svg" aria-label="Shopping List Icon Add" viewBox="0 0 32 32" role="presentation" aria-hidden="true" focusable="false" class="vector-icon-color--dark-grey"><title lang="en">Shopping List Icon Add</title><desc></desc><g fill="" stroke=""><path d="M21.94066,15.3368884 L21.94066,12.8931995 C21.94066,12.3409148 22.3883752,11.8931995 22.94066,11.8931995 C23.4929447,11.8931995 23.94066,12.3409148 23.94066,12.8931995 L23.94066,15.3368884 L26.2522624,15.3368884 C26.8045471,15.3368884 27.2522624,15.7846037 27.2522624,16.3368884 C27.2522624,16.8891732 26.8045471,17.3368884 26.2522624,17.3368884 L23.94066,17.3368884 L23.94066,19.8787952 C23.94066,20.43108 23.4929447,20.8787952 22.94066,20.8787952 C22.3883752,20.8787952 21.94066,20.43108 21.94066,19.8787952 L21.94066,17.3368884 L19.2666667,17.3368884 C18.7143819,17.3368884 18.2666667,16.8891732 18.2666667,16.3368884 C18.2666667,15.7846037 18.7143819,15.3368884 19.2666667,15.3368884 L21.94066,15.3368884 Z M8,12 C7.44771525,12 7,11.5522847 7,11 C7,10.4477153 7.44771525,10 8,10 L19.1153581,10 C19.6676429,10 20.1153581,10.4477153 20.1153581,11 C20.1153581,11.5522847 19.6676429,12 19.1153581,12 L8,12 Z M8,17.3368884 C7.44771525,17.3368884 7,16.8891732 7,16.3368884 C7,15.7846037 7.44771525,15.3368884 8,15.3368884 L14.7200696,15.3368884 C15.2723543,15.3368884 15.7200696,15.7846037 15.7200696,16.3368884 C15.7200696,16.8891732 15.2723543,17.3368884 14.7200696,17.3368884 L8,17.3368884 Z M8,23 C7.44771525,23 7,22.5522847 7,22 C7,21.4477153 7.44771525,21 8,21 L19.1153581,21 C19.6676429,21 20.1153581,21.4477153 20.1153581,22 C20.1153581,22.5522847 19.6676429,23 19.1153581,23 L8,23 Z" fill="#000000" fill-rule="nonzero"></path></g></svg></div><div class="pdl-product-detail_list-tooltip"><p>Add item to shopping list</p><i></i></div></button><!----></div></div></div><!----></li><!----><!----><!----><li id="product-64" tabindex="-1" data-product-id="239005" aria-label="Wel-Pac Lo Mein Egg Noodles" class="tile product-cell product-grid-cell"><!----><!----><!----><div class="product-tile_content"><div><!----><div class="flag_outer-container"><!----><!----><!----></div></div><!----><div><img src="data:image/svg+xml;base64,PD94bWwgdmVyc2lvbj0iMS4wIiBlbmNvZGluZz0idXRmLTgiPz4KPCEtLSBHZW5lcmF0ZWQgYnkgSWNvTW9vbi5pbyAtLT4KPCFET0NUWVBFIHN2ZyBQVUJMSUMgIi0vL1czQy8vRFREIFNWRyAxLjEvL0VOIiAiaHR0cDovL3d3dy53My5vcmcvR3JhcGhpY3MvU1ZHLzEuMS9EVEQvc3ZnMTEuZHRkIj4KPHN2ZyB2ZXJzaW9uPSIxLjEiIHhtbG5zPSJodHRwOi8vd3d3LnczLm9yZy8yMDAwL3N2ZyIgeG1sbnM6eGxpbms9Imh0dHA6Ly93d3cudzMub3JnLzE5OTkveGxpbmsiIHdpZHRoPSI0OCIgaGVpZ2h0PSI0OCIgdmlld0JveD0iMCAwIDQ4IDQ4Ij4KPGcgaWQ9Imljb21vb24taWdub3JlIj4KCTxsaW5lIHN0cm9rZS13aWR0aD0iMSIgeDE9IiIgeTE9IiIgeDI9IiIgeTI9IiIgc3Ryb2tlPSIjNDQ5RkRCIiBvcGFjaXR5PSIiPjwvbGluZT4KPC9nPgoJPHBhdGggZD0iTTM4LjQ4IDkuMDcwYzAuMjQ4IDAgMC40NSAwLjIwMiAwLjQ1IDAuNDV2MjguOTU5YzAgMC4yNDgtMC4yMDIgMC40NS0wLjQ1IDAuNDVoLTI4Ljk1OWMtMC4yNDggMC0wLjQ1LTAuMjAyLTAuNDUtMC40NXYtMjguOTU5YzAtMC4yNDggMC4yMDItMC40NSAwLjQ1LTAuNDVoMjguOTU5ek0zOC40OCA4aC0yOC45NTljLTAuODQgMC0xLjUyIDAuNjgxLTEuNTIgMS41MjF2MjguOTU5YzAgMC44NCAwLjY4MSAxLjUyMSAxLjUyIDEuNTIxaDI4Ljk1OWMwLjg0IDAgMS41Mi0wLjY4MSAxLjUyLTEuNTIxdi0yOC45NTljMC0wLjg0LTAuNjgxLTEuNTIxLTEuNTItMS41MjF2MHoiIG9wYWNpdHk9IjEiIHZpc2liaWxpdHk9ImZhbHNlIiBmaWxsPSIjZDdkN2Q3Ij48L3BhdGg+Cgk8cGF0aCBkPSJNMTIuMjI4IDM1LjIyNHYtMy4zMjljMC0wLjE0NSAwLjA1OC0wLjI4NSAwLjE2LTAuMzg4bDUuNTg3LTUuNTg3YzAuMjE0LTAuMjE0IDAuNTYxLTAuMjE0IDAuNzc1IDBsMi4xMTkgMi4xMTljMC4yMTQgMC4yMTQgMC41NjEgMC4yMTQgMC43NzUgMGw4LjE5MS04LjE5MmMwLjIxNC0wLjIxNCAwLjU2MS0wLjIxNCAwLjc3NSAwbDUgNWMwLjEwMyAwLjEwMyAwLjE2IDAuMjQyIDAuMTYgMC4zODh2OS45ODhjMCAwLjMwMy0wLjI0NSAwLjU0OC0wLjU0OCAwLjU0OGgtMjIuNDQ3Yy0wLjMwMyAwLTAuNTQ4LTAuMjQ1LTAuNTQ4LTAuNTQ4eiIgb3BhY2l0eT0iMSIgdmlzaWJpbGl0eT0iZmFsc2UiIGZpbGw9IiNkN2Q3ZDciPjwvcGF0aD4KCTxwYXRoIGQ9Ik0yMS41NDQgMTcuOTY3YzAgMS45ODItMS42MDYgMy41ODgtMy41ODggMy41ODhzLTMuNTg4LTEuNjA2LTMuNTg4LTMuNTg4YzAtMS45ODEgMS42MDYtMy41ODggMy41ODgtMy41ODhzMy41ODggMS42MDYgMy41ODggMy41ODh6IiBvcGFjaXR5PSIxIiB2aXNpYmlsaXR5PSJmYWxzZSIgZmlsbD0iI2Q3ZDdkNyI+PC9wYXRoPgo8L3N2Zz4K" alt="Wel-Pac Lo Mein Egg Noodles" class="product-grid-image product-grid-cell_main-image"></div><div class="product-grid-cell_price-tag product-grid-cell_price-tag--full-tile"><div class="product-tile_detail"><div class="product-grid-cell_price-container"><span role="link" class="product-grid-cell_main-price"> $2.29 </span><!----></div></div><div class="product-tile_detail-title"><div data-v-7b5b6b2c="" role="link" tabindex="0" class="product-grid-cell_name"><h3 data-v-7b5b6b2c="" aria-label="Wel-Pac Lo Mein Egg Noodles" class="product-grid-cell_name-text product-grid-cell_name-text--small"><!----> Wel-Pac Lo Mein Egg Noodles </h3></div><div role="link" class="product-grid-cell_sizes"><span class="product-grid-cell_size"> 10 OZ PKG </span><span aria-hidden="true"> | </span><!----><span class="product-grid-cell_unit"> $0.23 / OZ </span></div><!----></div><div class="product-grid-cell_promo-name"><!----><!----><!----><!----><!----></div><!----><div class="margin-top--one"><!----><div data-v-4e03913c="" class="pdl-add-to-cart"><div data-v-4e03913c="" class="pdl-add-to-cart_button"><button data-v-4e03913c="" aria-label="Add to Cart" data-product-id="239005" data-price="2.29" class="button button--add-to-cart"> Add to Cart <!----></button><!----></div><!----></div></div><!----></div></div><!----><!----><div class="product-tile_action-items"><!----><!----><div class="shopping-list-menu_container"><div><button aria-label="add to shopping list" class="button pdl-product-detail_top-icon button--fourth pdl-product-detail_top-icon--borderless"><!----><div class="vector-icon-size--large"><svg xmlns="http://www.w3.org/2000/svg" aria-label="Shopping List Icon Add" viewBox="0 0 32 32" role="presentation" aria-hidden="true" focusable="false" class="vector-icon-color--dark-grey"><title lang="en">Shopping List Icon Add</title><desc></desc><g fill="" stroke=""><path d="M21.94066,15.3368884 L21.94066,12.8931995 C21.94066,12.3409148 22.3883752,11.8931995 22.94066,11.8931995 C23.4929447,11.8931995 23.94066,12.3409148 23.94066,12.8931995 L23.94066,15.3368884 L26.2522624,15.3368884 C26.8045471,15.3368884 27.2522624,15.7846037 27.2522624,16.3368884 C27.2522624,16.8891732 26.8045471,17.3368884 26.2522624,17.3368884 L23.94066,17.3368884 L23.94066,19.8787952 C23.94066,20.43108 23.4929447,20.8787952 22.94066,20.8787952 C22.3883752,20.8787952 21.94066,20.43108 21.94066,19.8787952 L21.94066,17.3368884 L19.2666667,17.3368884 C18.7143819,17.3368884 18.2666667,16.8891732 18.2666667,16.3368884 C18.2666667,15.7846037 18.7143819,15.3368884 19.2666667,15.3368884 L21.94066,15.3368884 Z M8,12 C7.44771525,12 7,11.5522847 7,11 C7,10.4477153 7.44771525,10 8,10 L19.1153581,10 C19.6676429,10 20.1153581,10.4477153 20.1153581,11 C20.1153581,11.5522847 19.6676429,12 19.1153581,12 L8,12 Z M8,17.3368884 C7.44771525,17.3368884 7,16.8891732 7,16.3368884 C7,15.7846037 7.44771525,15.3368884 8,15.3368884 L14.7200696,15.3368884 C15.2723543,15.3368884 15.7200696,15.7846037 15.7200696,16.3368884 C15.7200696,16.8891732 15.2723543,17.3368884 14.7200696,17.3368884 L8,17.3368884 Z M8,23 C7.44771525,23 7,22.5522847 7,22 C7,21.4477153 7.44771525,21 8,21 L19.1153581,21 C19.6676429,21 20.1153581,21.4477153 20.1153581,22 C20.1153581,22.5522847 19.6676429,23 19.1153581,23 L8,23 Z" fill="#000000" fill-rule="nonzero"></path></g></svg></div><div class="pdl-product-detail_list-tooltip"><p>Add item to shopping list</p><i></i></div></button><!----></div></div></div><!----></li><!----><!----><!----><li id="product-65" tabindex="-1" data-product-id="240834" aria-label="Blue Dragon Egg Noodles Medium" class="tile product-cell product-grid-cell"><!----><!----><!----><div class="product-tile_content"><div><!----><div class="flag_outer-container"><!----><!----><!----></div></div><!----><div><img src="data:image/svg+xml;base64,PD94bWwgdmVyc2lvbj0iMS4wIiBlbmNvZGluZz0idXRmLTgiPz4KPCEtLSBHZW5lcmF0ZWQgYnkgSWNvTW9vbi5pbyAtLT4KPCFET0NUWVBFIHN2ZyBQVUJMSUMgIi0vL1czQy8vRFREIFNWRyAxLjEvL0VOIiAiaHR0cDovL3d3dy53My5vcmcvR3JhcGhpY3MvU1ZHLzEuMS9EVEQvc3ZnMTEuZHRkIj4KPHN2ZyB2ZXJzaW9uPSIxLjEiIHhtbG5zPSJodHRwOi8vd3d3LnczLm9yZy8yMDAwL3N2ZyIgeG1sbnM6eGxpbms9Imh0dHA6Ly93d3cudzMub3JnLzE5OTkveGxpbmsiIHdpZHRoPSI0OCIgaGVpZ2h0PSI0OCIgdmlld0JveD0iMCAwIDQ4IDQ4Ij4KPGcgaWQ9Imljb21vb24taWdub3JlIj4KCTxsaW5lIHN0cm9rZS13aWR0aD0iMSIgeDE9IiIgeTE9IiIgeDI9IiIgeTI9IiIgc3Ryb2tlPSIjNDQ5RkRCIiBvcGFjaXR5PSIiPjwvbGluZT4KPC9nPgoJPHBhdGggZD0iTTM4LjQ4IDkuMDcwYzAuMjQ4IDAgMC40NSAwLjIwMiAwLjQ1IDAuNDV2MjguOTU5YzAgMC4yNDgtMC4yMDIgMC40NS0wLjQ1IDAuNDVoLTI4Ljk1OWMtMC4yNDggMC0wLjQ1LTAuMjAyLTAuNDUtMC40NXYtMjguOTU5YzAtMC4yNDggMC4yMDItMC40NSAwLjQ1LTAuNDVoMjguOTU5ek0zOC40OCA4aC0yOC45NTljLTAuODQgMC0xLjUyIDAuNjgxLTEuNTIgMS41MjF2MjguOTU5YzAgMC44NCAwLjY4MSAxLjUyMSAxLjUyIDEuNTIxaDI4Ljk1OWMwLjg0IDAgMS41Mi0wLjY4MSAxLjUyLTEuNTIxdi0yOC45NTljMC0wLjg0LTAuNjgxLTEuNTIxLTEuNTItMS41MjF2MHoiIG9wYWNpdHk9IjEiIHZpc2liaWxpdHk9ImZhbHNlIiBmaWxsPSIjZDdkN2Q3Ij48L3BhdGg+Cgk8cGF0aCBkPSJNMTIuMjI4IDM1LjIyNHYtMy4zMjljMC0wLjE0NSAwLjA1OC0wLjI4NSAwLjE2LTAuMzg4bDUuNTg3LTUuNTg3YzAuMjE0LTAuMjE0IDAuNTYxLTAuMjE0IDAuNzc1IDBsMi4xMTkgMi4xMTljMC4yMTQgMC4yMTQgMC41NjEgMC4yMTQgMC43NzUgMGw4LjE5MS04LjE5MmMwLjIxNC0wLjIxNCAwLjU2MS0wLjIxNCAwLjc3NSAwbDUgNWMwLjEwMyAwLjEwMyAwLjE2IDAuMjQyIDAuMTYgMC4zODh2OS45ODhjMCAwLjMwMy0wLjI0NSAwLjU0OC0wLjU0OCAwLjU0OGgtMjIuNDQ3Yy0wLjMwMyAwLTAuNTQ4LTAuMjQ1LTAuNTQ4LTAuNTQ4eiIgb3BhY2l0eT0iMSIgdmlzaWJpbGl0eT0iZmFsc2UiIGZpbGw9IiNkN2Q3ZDciPjwvcGF0aD4KCTxwYXRoIGQ9Ik0yMS41NDQgMTcuOTY3YzAgMS45ODItMS42MDYgMy41ODgtMy41ODggMy41ODhzLTMuNTg4LTEuNjA2LTMuNTg4LTMuNTg4YzAtMS45ODEgMS42MDYtMy41ODggMy41ODgtMy41ODhzMy41ODggMS42MDYgMy41ODggMy41ODh6IiBvcGFjaXR5PSIxIiB2aXNpYmlsaXR5PSJmYWxzZSIgZmlsbD0iI2Q3ZDdkNyI+PC9wYXRoPgo8L3N2Zz4K" alt="Blue Dragon Egg Noodles Medium" class="product-grid-image product-grid-cell_main-image"></div><div class="product-grid-cell_price-tag product-grid-cell_price-tag--full-tile"><div class="product-tile_detail"><div class="product-grid-cell_price-container"><span role="link" class="product-grid-cell_main-price"> $3.99 </span><!----></div></div><div class="product-tile_detail-title"><div data-v-7b5b6b2c="" role="link" tabindex="0" class="product-grid-cell_name"><h3 data-v-7b5b6b2c="" aria-label="Blue Dragon Egg Noodles Medium" class="product-grid-cell_name-text product-grid-cell_name-text--small"><!----> Blue Dragon Egg Noodles Medium </h3></div><div role="link" class="product-grid-cell_sizes"><span class="product-grid-cell_size"> 10.5 OZ BAG </span><span aria-hidden="true"> | </span><!----><span class="product-grid-cell_unit"> $0.38 / OZ </span></div><!----></div><div class="product-grid-cell_promo-name"><!----><!----><!----><!----><!----></div><!----><div class="margin-top--one"><!----><div data-v-4e03913c="" class="pdl-add-to-cart"><div data-v-4e03913c="" class="pdl-add-to-cart_button"><button data-v-4e03913c="" aria-label="Add to Cart" data-product-id="240834" data-price="3.99" class="button button--add-to-cart"> Add to Cart <!----></button><!----></div><!----></div></div><!----></div></div><!----><!----><div class="product-tile_action-items"><!----><!----><div class="shopping-list-menu_container"><div><button aria-label="add to shopping list" class="button pdl-product-detail_top-icon button--fourth pdl-product-detail_top-icon--borderless"><!----><div class="vector-icon-size--large"><svg xmlns="http://www.w3.org/2000/svg" aria-label="Shopping List Icon Add" viewBox="0 0 32 32" role="presentation" aria-hidden="true" focusable="false" class="vector-icon-color--dark-grey"><title lang="en">Shopping List Icon Add</title><desc></desc><g fill="" stroke=""><path d="M21.94066,15.3368884 L21.94066,12.8931995 C21.94066,12.3409148 22.3883752,11.8931995 22.94066,11.8931995 C23.4929447,11.8931995 23.94066,12.3409148 23.94066,12.8931995 L23.94066,15.3368884 L26.2522624,15.3368884 C26.8045471,15.3368884 27.2522624,15.7846037 27.2522624,16.3368884 C27.2522624,16.8891732 26.8045471,17.3368884 26.2522624,17.3368884 L23.94066,17.3368884 L23.94066,19.8787952 C23.94066,20.43108 23.4929447,20.8787952 22.94066,20.8787952 C22.3883752,20.8787952 21.94066,20.43108 21.94066,19.8787952 L21.94066,17.3368884 L19.2666667,17.3368884 C18.7143819,17.3368884 18.2666667,16.8891732 18.2666667,16.3368884 C18.2666667,15.7846037 18.7143819,15.3368884 19.2666667,15.3368884 L21.94066,15.3368884 Z M8,12 C7.44771525,12 7,11.5522847 7,11 C7,10.4477153 7.44771525,10 8,10 L19.1153581,10 C19.6676429,10 20.1153581,10.4477153 20.1153581,11 C20.1153581,11.5522847 19.6676429,12 19.1153581,12 L8,12 Z M8,17.3368884 C7.44771525,17.3368884 7,16.8891732 7,16.3368884 C7,15.7846037 7.44771525,15.3368884 8,15.3368884 L14.7200696,15.3368884 C15.2723543,15.3368884 15.7200696,15.7846037 15.7200696,16.3368884 C15.7200696,16.8891732 15.2723543,17.3368884 14.7200696,17.3368884 L8,17.3368884 Z M8,23 C7.44771525,23 7,22.5522847 7,22 C7,21.4477153 7.44771525,21 8,21 L19.1153581,21 C19.6676429,21 20.1153581,21.4477153 20.1153581,22 C20.1153581,22.5522847 19.6676429,23 19.1153581,23 L8,23 Z" fill="#000000" fill-rule="nonzero"></path></g></svg></div><div class="pdl-product-detail_list-tooltip"><p>Add item to shopping list</p><i></i></div></button><!----></div></div></div><!----></li><!----><!----><!----><li id="product-66" tabindex="-1" data-product-id="254639" aria-label="Giant Deli Sandwich Egg Salad" class="tile product-cell product-grid-cell"><!----><!----><!----><div class="product-tile_content"><div><!----><div class="flag_outer-container"><!----><!----><!----></div></div><!----><div><img src="data:image/svg+xml;base64,PD94bWwgdmVyc2lvbj0iMS4wIiBlbmNvZGluZz0idXRmLTgiPz4KPCEtLSBHZW5lcmF0ZWQgYnkgSWNvTW9vbi5pbyAtLT4KPCFET0NUWVBFIHN2ZyBQVUJMSUMgIi0vL1czQy8vRFREIFNWRyAxLjEvL0VOIiAiaHR0cDovL3d3dy53My5vcmcvR3JhcGhpY3MvU1ZHLzEuMS9EVEQvc3ZnMTEuZHRkIj4KPHN2ZyB2ZXJzaW9uPSIxLjEiIHhtbG5zPSJodHRwOi8vd3d3LnczLm9yZy8yMDAwL3N2ZyIgeG1sbnM6eGxpbms9Imh0dHA6Ly93d3cudzMub3JnLzE5OTkveGxpbmsiIHdpZHRoPSI0OCIgaGVpZ2h0PSI0OCIgdmlld0JveD0iMCAwIDQ4IDQ4Ij4KPGcgaWQ9Imljb21vb24taWdub3JlIj4KCTxsaW5lIHN0cm9rZS13aWR0aD0iMSIgeDE9IiIgeTE9IiIgeDI9IiIgeTI9IiIgc3Ryb2tlPSIjNDQ5RkRCIiBvcGFjaXR5PSIiPjwvbGluZT4KPC9nPgoJPHBhdGggZD0iTTM4LjQ4IDkuMDcwYzAuMjQ4IDAgMC40NSAwLjIwMiAwLjQ1IDAuNDV2MjguOTU5YzAgMC4yNDgtMC4yMDIgMC40NS0wLjQ1IDAuNDVoLTI4Ljk1OWMtMC4yNDggMC0wLjQ1LTAuMjAyLTAuNDUtMC40NXYtMjguOTU5YzAtMC4yNDggMC4yMDItMC40NSAwLjQ1LTAuNDVoMjguOTU5ek0zOC40OCA4aC0yOC45NTljLTAuODQgMC0xLjUyIDAuNjgxLTEuNTIgMS41MjF2MjguOTU5YzAgMC44NCAwLjY4MSAxLjUyMSAxLjUyIDEuNTIxaDI4Ljk1OWMwLjg0IDAgMS41Mi0wLjY4MSAxLjUyLTEuNTIxdi0yOC45NTljMC0wLjg0LTAuNjgxLTEuNTIxLTEuNTItMS41MjF2MHoiIG9wYWNpdHk9IjEiIHZpc2liaWxpdHk9ImZhbHNlIiBmaWxsPSIjZDdkN2Q3Ij48L3BhdGg+Cgk8cGF0aCBkPSJNMTIuMjI4IDM1LjIyNHYtMy4zMjljMC0wLjE0NSAwLjA1OC0wLjI4NSAwLjE2LTAuMzg4bDUuNTg3LTUuNTg3YzAuMjE0LTAuMjE0IDAuNTYxLTAuMjE0IDAuNzc1IDBsMi4xMTkgMi4xMTljMC4yMTQgMC4yMTQgMC41NjEgMC4yMTQgMC43NzUgMGw4LjE5MS04LjE5MmMwLjIxNC0wLjIxNCAwLjU2MS0wLjIxNCAwLjc3NSAwbDUgNWMwLjEwMyAwLjEwMyAwLjE2IDAuMjQyIDAuMTYgMC4zODh2OS45ODhjMCAwLjMwMy0wLjI0NSAwLjU0OC0wLjU0OCAwLjU0OGgtMjIuNDQ3Yy0wLjMwMyAwLTAuNTQ4LTAuMjQ1LTAuNTQ4LTAuNTQ4eiIgb3BhY2l0eT0iMSIgdmlzaWJpbGl0eT0iZmFsc2UiIGZpbGw9IiNkN2Q3ZDciPjwvcGF0aD4KCTxwYXRoIGQ9Ik0yMS41NDQgMTcuOTY3YzAgMS45ODItMS42MDYgMy41ODgtMy41ODggMy41ODhzLTMuNTg4LTEuNjA2LTMuNTg4LTMuNTg4YzAtMS45ODEgMS42MDYtMy41ODggMy41ODgtMy41ODhzMy41ODggMS42MDYgMy41ODggMy41ODh6IiBvcGFjaXR5PSIxIiB2aXNpYmlsaXR5PSJmYWxzZSIgZmlsbD0iI2Q3ZDdkNyI+PC9wYXRoPgo8L3N2Zz4K" alt="Giant Deli Sandwich Egg Salad" class="product-grid-image product-grid-cell_main-image"></div><div class="product-grid-cell_price-tag product-grid-cell_price-tag--full-tile"><div class="product-tile_detail"><div class="product-grid-cell_price-container"><span role="link" class="product-grid-cell_main-price"> $4.99 </span><!----></div></div><div class="product-tile_detail-title"><div data-v-7b5b6b2c="" role="link" tabindex="0" class="product-grid-cell_name"><h3 data-v-7b5b6b2c="" aria-label="Giant Deli Sandwich Egg Salad" class="product-grid-cell_name-text product-grid-cell_name-text--small"><span data-v-7b5b6b2c="" class="vector-icon_inline-text--left"><div data-v-7b5b6b2c="" class="vector-icon-size--xsmall"><svg xmlns="http://www.w3.org/2000/svg" aria-label="Ahold Icon" viewBox="0 0 1024 945" role="presentation" aria-hidden="true" focusable="false" class=""><title lang="en">Ahold Icon</title><desc></desc><g fill="" stroke=""><g data-v-7b5b6b2c=""><path data-v-7b5b6b2c="" d="M1.893 730.617c-1.289-2.094-2.052-4.631-2.052-7.346 0-0.747 0.058-1.481 0.169-2.197 0.158-12.396 10.227-22.466 22.687-22.634l895.306-0c12.476 0.168 22.545 10.237 22.713 22.698-0.521 3.721-1.182 6.924-2.024 10.053l0.131-0.574c-86.363 175.072-263.598 293.385-468.466 293.385s-382.103-118.313-467.105-290.339l-1.361-3.046z" fill="rgb(247, 168, 0)" class="path1"></path><path data-v-7b5b6b2c="" d="M107.889 132.495c1.893-1.893 1.893-3.786 3.786-5.678 2.98-3.491 7.385-5.69 12.303-5.69s9.323 2.199 12.284 5.668l0.019 0.022 476.983 476.983c3.491 2.98 5.69 7.385 5.69 12.303s-2.199 9.323-5.668 12.284c-1.399 1.869-3.361 3.216-5.631 3.789l-0.069 0.015c-38.446 13.732-82.796 21.669-129.001 21.669-108.416 0-206.626-43.699-277.977-114.443-70.367-71.826-113.809-170.317-113.809-278.955 0-45.803 7.722-89.803 21.936-130.767l-0.845 2.8z" fill="rgb(226, 35, 26)" class="path2"></path><path data-v-7b5b6b2c="" d="M600.015 1.893c1.247-1.204 2.948-1.946 4.822-1.946 0.302 0 0.6 0.019 0.891 0.057 0.057-0.006 0.164-0.007 0.272-0.007 7.15 0 12.947 5.796 12.947 12.947 0 0.108-0.001 0.215-0.004 0.322l0-0.016v503.482c0.002 0.091 0.004 0.199 0.004 0.306 0 7.15-5.796 12.947-12.947 12.947-0.108 0-0.215-0.001-0.322-0.004-0.241 0.034-0.539 0.053-0.841 0.053-1.874 0-3.574-0.742-4.824-1.948l0.002 0.002c-98.273-48.542-164.673-148.065-164.673-263.098s66.401-214.556 162.964-262.333l1.709-0.765z" fill="rgb(113, 33, 119)" class="path3"></path><path data-v-7b5b6b2c="" d="M938.824 283.919c1.893 0 1.893 1.893 3.786 1.893 1.765 2.012 2.841 4.666 2.841 7.571s-1.077 5.559-2.853 7.584l0.011-0.013-268.776 266.884c-2.012 1.765-4.666 2.841-7.571 2.841s-5.559-1.077-7.584-2.853c-1.144-0.651-1.911-1.879-1.911-3.285 0-0.172 0.012-0.342 0.034-0.508l-0.002 0.019c-7.681-21.529-12.12-46.363-12.12-72.235 0-61.263 24.891-116.712 65.111-156.786 39.326-39.792 93.895-64.431 154.219-64.431 26.857 0 52.573 4.884 76.309 13.812l-1.494-0.493z" fill="rgb(130, 188, 0)" class="path4"></path></g></g></svg></div></span> Giant Deli Sandwich Egg Salad </h3></div><div role="link" class="product-grid-cell_sizes"><span class="product-grid-cell_size"> 7.15 OZ PKG </span><span aria-hidden="true"> | </span><!----><span class="product-grid-cell_unit"> $0.70 / OZ </span></div><!----></div><div class="product-grid-cell_promo-name"><!----><!----><!----><!----><!----></div><!----><div class="margin-top--one"><!----><div data-v-4e03913c="" class="pdl-add-to-cart"><div data-v-4e03913c="" class="pdl-add-to-cart_button"><button data-v-4e03913c="" aria-label="Add to Cart" data-product-id="254639" data-price="4.99" class="button button--add-to-cart"> Add to Cart <!----></button><!----></div><!----></div></div><!----></div></div><!----><!----><div class="product-tile_action-items"><!----><!----><div class="shopping-list-menu_container"><div><button aria-label="add to shopping list" class="button pdl-product-detail_top-icon button--fourth pdl-product-detail_top-icon--borderless"><!----><div class="vector-icon-size--large"><svg xmlns="http://www.w3.org/2000/svg" aria-label="Shopping List Icon Add" viewBox="0 0 32 32" role="presentation" aria-hidden="true" focusable="false" class="vector-icon-color--dark-grey"><title lang="en">Shopping List Icon Add</title><desc></desc><g fill="" stroke=""><path d="M21.94066,15.3368884 L21.94066,12.8931995 C21.94066,12.3409148 22.3883752,11.8931995 22.94066,11.8931995 C23.4929447,11.8931995 23.94066,12.3409148 23.94066,12.8931995 L23.94066,15.3368884 L26.2522624,15.3368884 C26.8045471,15.3368884 27.2522624,15.7846037 27.2522624,16.3368884 C27.2522624,16.8891732 26.8045471,17.3368884 26.2522624,17.3368884 L23.94066,17.3368884 L23.94066,19.8787952 C23.94066,20.43108 23.4929447,20.8787952 22.94066,20.8787952 C22.3883752,20.8787952 21.94066,20.43108 21.94066,19.8787952 L21.94066,17.3368884 L19.2666667,17.3368884 C18.7143819,17.3368884 18.2666667,16.8891732 18.2666667,16.3368884 C18.2666667,15.7846037 18.7143819,15.3368884 19.2666667,15.3368884 L21.94066,15.3368884 Z M8,12 C7.44771525,12 7,11.5522847 7,11 C7,10.4477153 7.44771525,10 8,10 L19.1153581,10 C19.6676429,10 20.1153581,10.4477153 20.1153581,11 C20.1153581,11.5522847 19.6676429,12 19.1153581,12 L8,12 Z M8,17.3368884 C7.44771525,17.3368884 7,16.8891732 7,16.3368884 C7,15.7846037 7.44771525,15.3368884 8,15.3368884 L14.7200696,15.3368884 C15.2723543,15.3368884 15.7200696,15.7846037 15.7200696,16.3368884 C15.7200696,16.8891732 15.2723543,17.3368884 14.7200696,17.3368884 L8,17.3368884 Z M8,23 C7.44771525,23 7,22.5522847 7,22 C7,21.4477153 7.44771525,21 8,21 L19.1153581,21 C19.6676429,21 20.1153581,21.4477153 20.1153581,22 C20.1153581,22.5522847 19.6676429,23 19.1153581,23 L8,23 Z" fill="#000000" fill-rule="nonzero"></path></g></svg></div><div class="pdl-product-detail_list-tooltip"><p>Add item to shopping list</p><i></i></div></button><!----></div></div></div><!----></li><!----><!----><!----><li id="product-67" tabindex="-1" data-product-id="254974" aria-label="Jimmy Dean Delights Egg&#39;wich Broccoli Cheese &amp; Egg Frittatas - 4 ct" class="tile product-cell product-grid-cell"><!----><!----><!----><div class="product-tile_content"><div><!----><div class="flag_outer-container"><span class="flag_label flag_label--tomato"> Sale </span><!----><!----></div></div><!----><div><img src="data:image/svg+xml;base64,PD94bWwgdmVyc2lvbj0iMS4wIiBlbmNvZGluZz0idXRmLTgiPz4KPCEtLSBHZW5lcmF0ZWQgYnkgSWNvTW9vbi5pbyAtLT4KPCFET0NUWVBFIHN2ZyBQVUJMSUMgIi0vL1czQy8vRFREIFNWRyAxLjEvL0VOIiAiaHR0cDovL3d3dy53My5vcmcvR3JhcGhpY3MvU1ZHLzEuMS9EVEQvc3ZnMTEuZHRkIj4KPHN2ZyB2ZXJzaW9uPSIxLjEiIHhtbG5zPSJodHRwOi8vd3d3LnczLm9yZy8yMDAwL3N2ZyIgeG1sbnM6eGxpbms9Imh0dHA6Ly93d3cudzMub3JnLzE5OTkveGxpbmsiIHdpZHRoPSI0OCIgaGVpZ2h0PSI0OCIgdmlld0JveD0iMCAwIDQ4IDQ4Ij4KPGcgaWQ9Imljb21vb24taWdub3JlIj4KCTxsaW5lIHN0cm9rZS13aWR0aD0iMSIgeDE9IiIgeTE9IiIgeDI9IiIgeTI9IiIgc3Ryb2tlPSIjNDQ5RkRCIiBvcGFjaXR5PSIiPjwvbGluZT4KPC9nPgoJPHBhdGggZD0iTTM4LjQ4IDkuMDcwYzAuMjQ4IDAgMC40NSAwLjIwMiAwLjQ1IDAuNDV2MjguOTU5YzAgMC4yNDgtMC4yMDIgMC40NS0wLjQ1IDAuNDVoLTI4Ljk1OWMtMC4yNDggMC0wLjQ1LTAuMjAyLTAuNDUtMC40NXYtMjguOTU5YzAtMC4yNDggMC4yMDItMC40NSAwLjQ1LTAuNDVoMjguOTU5ek0zOC40OCA4aC0yOC45NTljLTAuODQgMC0xLjUyIDAuNjgxLTEuNTIgMS41MjF2MjguOTU5YzAgMC44NCAwLjY4MSAxLjUyMSAxLjUyIDEuNTIxaDI4Ljk1OWMwLjg0IDAgMS41Mi0wLjY4MSAxLjUyLTEuNTIxdi0yOC45NTljMC0wLjg0LTAuNjgxLTEuNTIxLTEuNTItMS41MjF2MHoiIG9wYWNpdHk9IjEiIHZpc2liaWxpdHk9ImZhbHNlIiBmaWxsPSIjZDdkN2Q3Ij48L3BhdGg+Cgk8cGF0aCBkPSJNMTIuMjI4IDM1LjIyNHYtMy4zMjljMC0wLjE0NSAwLjA1OC0wLjI4NSAwLjE2LTAuMzg4bDUuNTg3LTUuNTg3YzAuMjE0LTAuMjE0IDAuNTYxLTAuMjE0IDAuNzc1IDBsMi4xMTkgMi4xMTljMC4yMTQgMC4yMTQgMC41NjEgMC4yMTQgMC43NzUgMGw4LjE5MS04LjE5MmMwLjIxNC0wLjIxNCAwLjU2MS0wLjIxNCAwLjc3NSAwbDUgNWMwLjEwMyAwLjEwMyAwLjE2IDAuMjQyIDAuMTYgMC4zODh2OS45ODhjMCAwLjMwMy0wLjI0NSAwLjU0OC0wLjU0OCAwLjU0OGgtMjIuNDQ3Yy0wLjMwMyAwLTAuNTQ4LTAuMjQ1LTAuNTQ4LTAuNTQ4eiIgb3BhY2l0eT0iMSIgdmlzaWJpbGl0eT0iZmFsc2UiIGZpbGw9IiNkN2Q3ZDciPjwvcGF0aD4KCTxwYXRoIGQ9Ik0yMS41NDQgMTcuOTY3YzAgMS45ODItMS42MDYgMy41ODgtMy41ODggMy41ODhzLTMuNTg4LTEuNjA2LTMuNTg4LTMuNTg4YzAtMS45ODEgMS42MDYtMy41ODggMy41ODgtMy41ODhzMy41ODggMS42MDYgMy41ODggMy41ODh6IiBvcGFjaXR5PSIxIiB2aXNpYmlsaXR5PSJmYWxzZSIgZmlsbD0iI2Q3ZDdkNyI+PC9wYXRoPgo8L3N2Zz4K" alt="Jimmy Dean Delights Egg&#39;wich Broccoli Cheese &amp; Egg Frittatas - 4 ct" class="product-grid-image product-grid-cell_main-image"></div><div class="product-grid-cell_price-tag product-grid-cell_price-tag--full-tile"><div class="product-tile_detail"><div class="product-grid-cell_price-container product-grid-cell_price-container_column"><span role="link" class="product-grid-cell_main-price product-grid-cell_main-price--on-sale"> $5.79 </span><div class="product-grid-cell_was-container"><span class="product-grid-cell_regular-price product-grid-cell_regular-price--small"> $6.79 </span></div></div></div><div class="product-tile_detail-title"><div data-v-7b5b6b2c="" role="link" tabindex="0" class="product-grid-cell_name"><h3 data-v-7b5b6b2c="" aria-label="Jimmy Dean Delights Egg&#39;wich Broccoli Cheese &amp; Egg Frittatas - 4 ct" class="product-grid-cell_name-text product-grid-cell_name-text--small"><!----> Jimmy Dean Delights Egg'wich Broccoli Cheese &amp; Egg Frittatas - 4 ct </h3></div><div role="link" class="product-grid-cell_sizes"><span class="product-grid-cell_size"> 16.4 OZ PKG </span><span aria-hidden="true"> | </span><!----><span class="product-grid-cell_unit"> $0.35 / OZ </span></div><!----></div><div class="product-grid-cell_promo-name"><!----><!----><!----><!----><!----></div><!----><div class="margin-top--one"><!----><div data-v-4e03913c="" class="pdl-add-to-cart"><div data-v-4e03913c="" class="pdl-add-to-cart_button"><button data-v-4e03913c="" aria-label="Add to Cart" data-product-id="254974" data-price="5.79" class="button button--add-to-cart"> Add to Cart <!----></button><!----></div><!----></div></div><!----></div></div><!----><!----><div class="product-tile_action-items"><!----><!----><div class="shopping-list-menu_container"><div><button aria-label="add to shopping list" class="button pdl-product-detail_top-icon button--fourth pdl-product-detail_top-icon--borderless"><!----><div class="vector-icon-size--large"><svg xmlns="http://www.w3.org/2000/svg" aria-label="Shopping List Icon Add" viewBox="0 0 32 32" role="presentation" aria-hidden="true" focusable="false" class="vector-icon-color--dark-grey"><title lang="en">Shopping List Icon Add</title><desc></desc><g fill="" stroke=""><path d="M21.94066,15.3368884 L21.94066,12.8931995 C21.94066,12.3409148 22.3883752,11.8931995 22.94066,11.8931995 C23.4929447,11.8931995 23.94066,12.3409148 23.94066,12.8931995 L23.94066,15.3368884 L26.2522624,15.3368884 C26.8045471,15.3368884 27.2522624,15.7846037 27.2522624,16.3368884 C27.2522624,16.8891732 26.8045471,17.3368884 26.2522624,17.3368884 L23.94066,17.3368884 L23.94066,19.8787952 C23.94066,20.43108 23.4929447,20.8787952 22.94066,20.8787952 C22.3883752,20.8787952 21.94066,20.43108 21.94066,19.8787952 L21.94066,17.3368884 L19.2666667,17.3368884 C18.7143819,17.3368884 18.2666667,16.8891732 18.2666667,16.3368884 C18.2666667,15.7846037 18.7143819,15.3368884 19.2666667,15.3368884 L21.94066,15.3368884 Z M8,12 C7.44771525,12 7,11.5522847 7,11 C7,10.4477153 7.44771525,10 8,10 L19.1153581,10 C19.6676429,10 20.1153581,10.4477153 20.1153581,11 C20.1153581,11.5522847 19.6676429,12 19.1153581,12 L8,12 Z M8,17.3368884 C7.44771525,17.3368884 7,16.8891732 7,16.3368884 C7,15.7846037 7.44771525,15.3368884 8,15.3368884 L14.7200696,15.3368884 C15.2723543,15.3368884 15.7200696,15.7846037 15.7200696,16.3368884 C15.7200696,16.8891732 15.2723543,17.3368884 14.7200696,17.3368884 L8,17.3368884 Z M8,23 C7.44771525,23 7,22.5522847 7,22 C7,21.4477153 7.44771525,21 8,21 L19.1153581,21 C19.6676429,21 20.1153581,21.4477153 20.1153581,22 C20.1153581,22.5522847 19.6676429,23 19.1153581,23 L8,23 Z" fill="#000000" fill-rule="nonzero"></path></g></svg></div><div class="pdl-product-detail_list-tooltip"><p>Add item to shopping list</p><i></i></div></button><!----></div></div></div><!----></li><!----><!----><!----><li id="product-68" tabindex="-1" data-product-id="268180" aria-label="Kitu Super Creamer Protein &amp; MCT Oil Gingerbread Egg Nog" class="tile product-cell product-grid-cell"><!----><!----><!----><div class="product-tile_content"><div><!----><div class="flag_outer-container"><span class="flag_label flag_label--tomato"> Sale </span><!----><!----></div></div><!----><div><img src="data:image/svg+xml;base64,PD94bWwgdmVyc2lvbj0iMS4wIiBlbmNvZGluZz0idXRmLTgiPz4KPCEtLSBHZW5lcmF0ZWQgYnkgSWNvTW9vbi5pbyAtLT4KPCFET0NUWVBFIHN2ZyBQVUJMSUMgIi0vL1czQy8vRFREIFNWRyAxLjEvL0VOIiAiaHR0cDovL3d3dy53My5vcmcvR3JhcGhpY3MvU1ZHLzEuMS9EVEQvc3ZnMTEuZHRkIj4KPHN2ZyB2ZXJzaW9uPSIxLjEiIHhtbG5zPSJodHRwOi8vd3d3LnczLm9yZy8yMDAwL3N2ZyIgeG1sbnM6eGxpbms9Imh0dHA6Ly93d3cudzMub3JnLzE5OTkveGxpbmsiIHdpZHRoPSI0OCIgaGVpZ2h0PSI0OCIgdmlld0JveD0iMCAwIDQ4IDQ4Ij4KPGcgaWQ9Imljb21vb24taWdub3JlIj4KCTxsaW5lIHN0cm9rZS13aWR0aD0iMSIgeDE9IiIgeTE9IiIgeDI9IiIgeTI9IiIgc3Ryb2tlPSIjNDQ5RkRCIiBvcGFjaXR5PSIiPjwvbGluZT4KPC9nPgoJPHBhdGggZD0iTTM4LjQ4IDkuMDcwYzAuMjQ4IDAgMC40NSAwLjIwMiAwLjQ1IDAuNDV2MjguOTU5YzAgMC4yNDgtMC4yMDIgMC40NS0wLjQ1IDAuNDVoLTI4Ljk1OWMtMC4yNDggMC0wLjQ1LTAuMjAyLTAuNDUtMC40NXYtMjguOTU5YzAtMC4yNDggMC4yMDItMC40NSAwLjQ1LTAuNDVoMjguOTU5ek0zOC40OCA4aC0yOC45NTljLTAuODQgMC0xLjUyIDAuNjgxLTEuNTIgMS41MjF2MjguOTU5YzAgMC44NCAwLjY4MSAxLjUyMSAxLjUyIDEuNTIxaDI4Ljk1OWMwLjg0IDAgMS41Mi0wLjY4MSAxLjUyLTEuNTIxdi0yOC45NTljMC0wLjg0LTAuNjgxLTEuNTIxLTEuNTItMS41MjF2MHoiIG9wYWNpdHk9IjEiIHZpc2liaWxpdHk9ImZhbHNlIiBmaWxsPSIjZDdkN2Q3Ij48L3BhdGg+Cgk8cGF0aCBkPSJNMTIuMjI4IDM1LjIyNHYtMy4zMjljMC0wLjE0NSAwLjA1OC0wLjI4NSAwLjE2LTAuMzg4bDUuNTg3LTUuNTg3YzAuMjE0LTAuMjE0IDAuNTYxLTAuMjE0IDAuNzc1IDBsMi4xMTkgMi4xMTljMC4yMTQgMC4yMTQgMC41NjEgMC4yMTQgMC43NzUgMGw4LjE5MS04LjE5MmMwLjIxNC0wLjIxNCAwLjU2MS0wLjIxNCAwLjc3NSAwbDUgNWMwLjEwMyAwLjEwMyAwLjE2IDAuMjQyIDAuMTYgMC4zODh2OS45ODhjMCAwLjMwMy0wLjI0NSAwLjU0OC0wLjU0OCAwLjU0OGgtMjIuNDQ3Yy0wLjMwMyAwLTAuNTQ4LTAuMjQ1LTAuNTQ4LTAuNTQ4eiIgb3BhY2l0eT0iMSIgdmlzaWJpbGl0eT0iZmFsc2UiIGZpbGw9IiNkN2Q3ZDciPjwvcGF0aD4KCTxwYXRoIGQ9Ik0yMS41NDQgMTcuOTY3YzAgMS45ODItMS42MDYgMy41ODgtMy41ODggMy41ODhzLTMuNTg4LTEuNjA2LTMuNTg4LTMuNTg4YzAtMS45ODEgMS42MDYtMy41ODggMy41ODgtMy41ODhzMy41ODggMS42MDYgMy41ODggMy41ODh6IiBvcGFjaXR5PSIxIiB2aXNpYmlsaXR5PSJmYWxzZSIgZmlsbD0iI2Q3ZDdkNyI+PC9wYXRoPgo8L3N2Zz4K" alt="Kitu Super Creamer Protein &amp; MCT Oil Gingerbread Egg Nog" class="product-grid-image product-grid-cell_main-image"></div><div class="product-grid-cell_price-tag product-grid-cell_price-tag--full-tile"><div class="product-tile_detail"><div class="product-grid-cell_price-container product-grid-cell_price-container_column"><span role="link" class="product-grid-cell_main-price product-grid-cell_main-price--on-sale"> $4.49 </span><div class="product-grid-cell_was-container"><span class="product-grid-cell_regular-price product-grid-cell_regular-price--small"> $4.99 </span></div></div></div><div class="product-tile_detail-title"><div data-v-7b5b6b2c="" role="link" tabindex="0" class="product-grid-cell_name"><h3 data-v-7b5b6b2c="" aria-label="Kitu Super Creamer Protein &amp; MCT Oil Gingerbread Egg Nog" class="product-grid-cell_name-text product-grid-cell_name-text--small"><!----> Kitu Super Creamer Protein &amp; MCT Oil Gingerbread Egg Nog </h3></div><div role="link" class="product-grid-cell_sizes"><span class="product-grid-cell_size"> 25.4 OZ BTL </span><span aria-hidden="true"> | </span><!----><span class="product-grid-cell_unit"> $0.18 / OZ </span></div><!----></div><div class="product-grid-cell_promo-name"><!----><!----><!----><!----><!----></div><!----><div class="margin-top--one"><!----><div data-v-4e03913c="" class="pdl-add-to-cart"><div data-v-4e03913c="" class="pdl-add-to-cart_button"><button data-v-4e03913c="" aria-label="Add to Cart" data-product-id="268180" data-price="4.49" class="button button--add-to-cart"> Add to Cart <!----></button><!----></div><!----></div></div><!----></div></div><!----><!----><div class="product-tile_action-items"><!----><!----><div class="shopping-list-menu_container"><div><button aria-label="add to shopping list" class="button pdl-product-detail_top-icon button--fourth pdl-product-detail_top-icon--borderless"><!----><div class="vector-icon-size--large"><svg xmlns="http://www.w3.org/2000/svg" aria-label="Shopping List Icon Add" viewBox="0 0 32 32" role="presentation" aria-hidden="true" focusable="false" class="vector-icon-color--dark-grey"><title lang="en">Shopping List Icon Add</title><desc></desc><g fill="" stroke=""><path d="M21.94066,15.3368884 L21.94066,12.8931995 C21.94066,12.3409148 22.3883752,11.8931995 22.94066,11.8931995 C23.4929447,11.8931995 23.94066,12.3409148 23.94066,12.8931995 L23.94066,15.3368884 L26.2522624,15.3368884 C26.8045471,15.3368884 27.2522624,15.7846037 27.2522624,16.3368884 C27.2522624,16.8891732 26.8045471,17.3368884 26.2522624,17.3368884 L23.94066,17.3368884 L23.94066,19.8787952 C23.94066,20.43108 23.4929447,20.8787952 22.94066,20.8787952 C22.3883752,20.8787952 21.94066,20.43108 21.94066,19.8787952 L21.94066,17.3368884 L19.2666667,17.3368884 C18.7143819,17.3368884 18.2666667,16.8891732 18.2666667,16.3368884 C18.2666667,15.7846037 18.7143819,15.3368884 19.2666667,15.3368884 L21.94066,15.3368884 Z M8,12 C7.44771525,12 7,11.5522847 7,11 C7,10.4477153 7.44771525,10 8,10 L19.1153581,10 C19.6676429,10 20.1153581,10.4477153 20.1153581,11 C20.1153581,11.5522847 19.6676429,12 19.1153581,12 L8,12 Z M8,17.3368884 C7.44771525,17.3368884 7,16.8891732 7,16.3368884 C7,15.7846037 7.44771525,15.3368884 8,15.3368884 L14.7200696,15.3368884 C15.2723543,15.3368884 15.7200696,15.7846037 15.7200696,16.3368884 C15.7200696,16.8891732 15.2723543,17.3368884 14.7200696,17.3368884 L8,17.3368884 Z M8,23 C7.44771525,23 7,22.5522847 7,22 C7,21.4477153 7.44771525,21 8,21 L19.1153581,21 C19.6676429,21 20.1153581,21.4477153 20.1153581,22 C20.1153581,22.5522847 19.6676429,23 19.1153581,23 L8,23 Z" fill="#000000" fill-rule="nonzero"></path></g></svg></div><div class="pdl-product-detail_list-tooltip"><p>Add item to shopping list</p><i></i></div></button><!----></div></div></div><!----></li><!----><!----><!----><li id="product-69" tabindex="-1" data-product-id="36846" aria-label="Pennsylvania Dutch Egg Noodles Hearty Homestyle" class="tile product-cell product-grid-cell"><!----><!----><!----><div class="product-tile_content"><div><!----><div class="flag_outer-container"><span class="flag_label flag_label--tomato"> Sale </span><!----><!----></div></div><!----><div><img src="data:image/svg+xml;base64,PD94bWwgdmVyc2lvbj0iMS4wIiBlbmNvZGluZz0idXRmLTgiPz4KPCEtLSBHZW5lcmF0ZWQgYnkgSWNvTW9vbi5pbyAtLT4KPCFET0NUWVBFIHN2ZyBQVUJMSUMgIi0vL1czQy8vRFREIFNWRyAxLjEvL0VOIiAiaHR0cDovL3d3dy53My5vcmcvR3JhcGhpY3MvU1ZHLzEuMS9EVEQvc3ZnMTEuZHRkIj4KPHN2ZyB2ZXJzaW9uPSIxLjEiIHhtbG5zPSJodHRwOi8vd3d3LnczLm9yZy8yMDAwL3N2ZyIgeG1sbnM6eGxpbms9Imh0dHA6Ly93d3cudzMub3JnLzE5OTkveGxpbmsiIHdpZHRoPSI0OCIgaGVpZ2h0PSI0OCIgdmlld0JveD0iMCAwIDQ4IDQ4Ij4KPGcgaWQ9Imljb21vb24taWdub3JlIj4KCTxsaW5lIHN0cm9rZS13aWR0aD0iMSIgeDE9IiIgeTE9IiIgeDI9IiIgeTI9IiIgc3Ryb2tlPSIjNDQ5RkRCIiBvcGFjaXR5PSIiPjwvbGluZT4KPC9nPgoJPHBhdGggZD0iTTM4LjQ4IDkuMDcwYzAuMjQ4IDAgMC40NSAwLjIwMiAwLjQ1IDAuNDV2MjguOTU5YzAgMC4yNDgtMC4yMDIgMC40NS0wLjQ1IDAuNDVoLTI4Ljk1OWMtMC4yNDggMC0wLjQ1LTAuMjAyLTAuNDUtMC40NXYtMjguOTU5YzAtMC4yNDggMC4yMDItMC40NSAwLjQ1LTAuNDVoMjguOTU5ek0zOC40OCA4aC0yOC45NTljLTAuODQgMC0xLjUyIDAuNjgxLTEuNTIgMS41MjF2MjguOTU5YzAgMC44NCAwLjY4MSAxLjUyMSAxLjUyIDEuNTIxaDI4Ljk1OWMwLjg0IDAgMS41Mi0wLjY4MSAxLjUyLTEuNTIxdi0yOC45NTljMC0wLjg0LTAuNjgxLTEuNTIxLTEuNTItMS41MjF2MHoiIG9wYWNpdHk9IjEiIHZpc2liaWxpdHk9ImZhbHNlIiBmaWxsPSIjZDdkN2Q3Ij48L3BhdGg+Cgk8cGF0aCBkPSJNMTIuMjI4IDM1LjIyNHYtMy4zMjljMC0wLjE0NSAwLjA1OC0wLjI4NSAwLjE2LTAuMzg4bDUuNTg3LTUuNTg3YzAuMjE0LTAuMjE0IDAuNTYxLTAuMjE0IDAuNzc1IDBsMi4xMTkgMi4xMTljMC4yMTQgMC4yMTQgMC41NjEgMC4yMTQgMC43NzUgMGw4LjE5MS04LjE5MmMwLjIxNC0wLjIxNCAwLjU2MS0wLjIxNCAwLjc3NSAwbDUgNWMwLjEwMyAwLjEwMyAwLjE2IDAuMjQyIDAuMTYgMC4zODh2OS45ODhjMCAwLjMwMy0wLjI0NSAwLjU0OC0wLjU0OCAwLjU0OGgtMjIuNDQ3Yy0wLjMwMyAwLTAuNTQ4LTAuMjQ1LTAuNTQ4LTAuNTQ4eiIgb3BhY2l0eT0iMSIgdmlzaWJpbGl0eT0iZmFsc2UiIGZpbGw9IiNkN2Q3ZDciPjwvcGF0aD4KCTxwYXRoIGQ9Ik0yMS41NDQgMTcuOTY3YzAgMS45ODItMS42MDYgMy41ODgtMy41ODggMy41ODhzLTMuNTg4LTEuNjA2LTMuNTg4LTMuNTg4YzAtMS45ODEgMS42MDYtMy41ODggMy41ODgtMy41ODhzMy41ODggMS42MDYgMy41ODggMy41ODh6IiBvcGFjaXR5PSIxIiB2aXNpYmlsaXR5PSJmYWxzZSIgZmlsbD0iI2Q3ZDdkNyI+PC9wYXRoPgo8L3N2Zz4K" alt="Pennsylvania Dutch Egg Noodles Hearty Homestyle" class="product-grid-image product-grid-cell_main-image"></div><div class="product-grid-cell_price-tag product-grid-cell_price-tag--full-tile"><div class="product-tile_detail"><div class="product-grid-cell_price-container product-grid-cell_price-container_column"><span role="link" class="product-grid-cell_main-price product-grid-cell_main-price--on-sale"> $2.09 </span><div class="product-grid-cell_was-container"><span class="product-grid-cell_regular-price product-grid-cell_regular-price--small"> $2.29 </span></div></div></div><div class="product-tile_detail-title"><div data-v-7b5b6b2c="" role="link" tabindex="0" class="product-grid-cell_name"><h3 data-v-7b5b6b2c="" aria-label="Pennsylvania Dutch Egg Noodles Hearty Homestyle" class="product-grid-cell_name-text product-grid-cell_name-text--small"><!----> Pennsylvania Dutch Egg Noodles Hearty Homestyle </h3></div><div role="link" class="product-grid-cell_sizes"><span class="product-grid-cell_size"> 12 OZ BAG </span><span aria-hidden="true"> | </span><!----><span class="product-grid-cell_unit"> $0.17 / OZ </span></div><!----></div><div class="product-grid-cell_promo-name"><!----><!----><!----><!----><!----></div><!----><div class="margin-top--one"><!----><div data-v-4e03913c="" class="pdl-add-to-cart"><div data-v-4e03913c="" class="pdl-add-to-cart_button"><button data-v-4e03913c="" aria-label="Add to Cart" data-product-id="36846" data-price="2.09" class="button button--add-to-cart"> Add to Cart <!----></button><!----></div><!----></div></div><!----></div></div><!----><!----><div class="product-tile_action-items"><!----><!----><div class="shopping-list-menu_container"><div><button aria-label="add to shopping list" class="button pdl-product-detail_top-icon button--fourth pdl-product-detail_top-icon--borderless"><!----><div class="vector-icon-size--large"><svg xmlns="http://www.w3.org/2000/svg" aria-label="Shopping List Icon Add" viewBox="0 0 32 32" role="presentation" aria-hidden="true" focusable="false" class="vector-icon-color--dark-grey"><title lang="en">Shopping List Icon Add</title><desc></desc><g fill="" stroke=""><path d="M21.94066,15.3368884 L21.94066,12.8931995 C21.94066,12.3409148 22.3883752,11.8931995 22.94066,11.8931995 C23.4929447,11.8931995 23.94066,12.3409148 23.94066,12.8931995 L23.94066,15.3368884 L26.2522624,15.3368884 C26.8045471,15.3368884 27.2522624,15.7846037 27.2522624,16.3368884 C27.2522624,16.8891732 26.8045471,17.3368884 26.2522624,17.3368884 L23.94066,17.3368884 L23.94066,19.8787952 C23.94066,20.43108 23.4929447,20.8787952 22.94066,20.8787952 C22.3883752,20.8787952 21.94066,20.43108 21.94066,19.8787952 L21.94066,17.3368884 L19.2666667,17.3368884 C18.7143819,17.3368884 18.2666667,16.8891732 18.2666667,16.3368884 C18.2666667,15.7846037 18.7143819,15.3368884 19.2666667,15.3368884 L21.94066,15.3368884 Z M8,12 C7.44771525,12 7,11.5522847 7,11 C7,10.4477153 7.44771525,10 8,10 L19.1153581,10 C19.6676429,10 20.1153581,10.4477153 20.1153581,11 C20.1153581,11.5522847 19.6676429,12 19.1153581,12 L8,12 Z M8,17.3368884 C7.44771525,17.3368884 7,16.8891732 7,16.3368884 C7,15.7846037 7.44771525,15.3368884 8,15.3368884 L14.7200696,15.3368884 C15.2723543,15.3368884 15.7200696,15.7846037 15.7200696,16.3368884 C15.7200696,16.8891732 15.2723543,17.3368884 14.7200696,17.3368884 L8,17.3368884 Z M8,23 C7.44771525,23 7,22.5522847 7,22 C7,21.4477153 7.44771525,21 8,21 L19.1153581,21 C19.6676429,21 20.1153581,21.4477153 20.1153581,22 C20.1153581,22.5522847 19.6676429,23 19.1153581,23 L8,23 Z" fill="#000000" fill-rule="nonzero"></path></g></svg></div><div class="pdl-product-detail_list-tooltip"><p>Add item to shopping list</p><i></i></div></button><!----></div></div></div><!----></li><!----><!----><!----><li id="product-70" tabindex="-1" data-product-id="56329" aria-label="Pennsylvania Dutch Egg Noodles Extra Wide" class="tile product-cell product-grid-cell"><!----><!----><!----><div class="product-tile_content"><div><!----><div class="flag_outer-container"><span class="flag_label flag_label--tomato"> Sale </span><!----><!----></div></div><!----><div><img src="data:image/svg+xml;base64,PD94bWwgdmVyc2lvbj0iMS4wIiBlbmNvZGluZz0idXRmLTgiPz4KPCEtLSBHZW5lcmF0ZWQgYnkgSWNvTW9vbi5pbyAtLT4KPCFET0NUWVBFIHN2ZyBQVUJMSUMgIi0vL1czQy8vRFREIFNWRyAxLjEvL0VOIiAiaHR0cDovL3d3dy53My5vcmcvR3JhcGhpY3MvU1ZHLzEuMS9EVEQvc3ZnMTEuZHRkIj4KPHN2ZyB2ZXJzaW9uPSIxLjEiIHhtbG5zPSJodHRwOi8vd3d3LnczLm9yZy8yMDAwL3N2ZyIgeG1sbnM6eGxpbms9Imh0dHA6Ly93d3cudzMub3JnLzE5OTkveGxpbmsiIHdpZHRoPSI0OCIgaGVpZ2h0PSI0OCIgdmlld0JveD0iMCAwIDQ4IDQ4Ij4KPGcgaWQ9Imljb21vb24taWdub3JlIj4KCTxsaW5lIHN0cm9rZS13aWR0aD0iMSIgeDE9IiIgeTE9IiIgeDI9IiIgeTI9IiIgc3Ryb2tlPSIjNDQ5RkRCIiBvcGFjaXR5PSIiPjwvbGluZT4KPC9nPgoJPHBhdGggZD0iTTM4LjQ4IDkuMDcwYzAuMjQ4IDAgMC40NSAwLjIwMiAwLjQ1IDAuNDV2MjguOTU5YzAgMC4yNDgtMC4yMDIgMC40NS0wLjQ1IDAuNDVoLTI4Ljk1OWMtMC4yNDggMC0wLjQ1LTAuMjAyLTAuNDUtMC40NXYtMjguOTU5YzAtMC4yNDggMC4yMDItMC40NSAwLjQ1LTAuNDVoMjguOTU5ek0zOC40OCA4aC0yOC45NTljLTAuODQgMC0xLjUyIDAuNjgxLTEuNTIgMS41MjF2MjguOTU5YzAgMC44NCAwLjY4MSAxLjUyMSAxLjUyIDEuNTIxaDI4Ljk1OWMwLjg0IDAgMS41Mi0wLjY4MSAxLjUyLTEuNTIxdi0yOC45NTljMC0wLjg0LTAuNjgxLTEuNTIxLTEuNTItMS41MjF2MHoiIG9wYWNpdHk9IjEiIHZpc2liaWxpdHk9ImZhbHNlIiBmaWxsPSIjZDdkN2Q3Ij48L3BhdGg+Cgk8cGF0aCBkPSJNMTIuMjI4IDM1LjIyNHYtMy4zMjljMC0wLjE0NSAwLjA1OC0wLjI4NSAwLjE2LTAuMzg4bDUuNTg3LTUuNTg3YzAuMjE0LTAuMjE0IDAuNTYxLTAuMjE0IDAuNzc1IDBsMi4xMTkgMi4xMTljMC4yMTQgMC4yMTQgMC41NjEgMC4yMTQgMC43NzUgMGw4LjE5MS04LjE5MmMwLjIxNC0wLjIxNCAwLjU2MS0wLjIxNCAwLjc3NSAwbDUgNWMwLjEwMyAwLjEwMyAwLjE2IDAuMjQyIDAuMTYgMC4zODh2OS45ODhjMCAwLjMwMy0wLjI0NSAwLjU0OC0wLjU0OCAwLjU0OGgtMjIuNDQ3Yy0wLjMwMyAwLTAuNTQ4LTAuMjQ1LTAuNTQ4LTAuNTQ4eiIgb3BhY2l0eT0iMSIgdmlzaWJpbGl0eT0iZmFsc2UiIGZpbGw9IiNkN2Q3ZDciPjwvcGF0aD4KCTxwYXRoIGQ9Ik0yMS41NDQgMTcuOTY3YzAgMS45ODItMS42MDYgMy41ODgtMy41ODggMy41ODhzLTMuNTg4LTEuNjA2LTMuNTg4LTMuNTg4YzAtMS45ODEgMS42MDYtMy41ODggMy41ODgtMy41ODhzMy41ODggMS42MDYgMy41ODggMy41ODh6IiBvcGFjaXR5PSIxIiB2aXNpYmlsaXR5PSJmYWxzZSIgZmlsbD0iI2Q3ZDdkNyI+PC9wYXRoPgo8L3N2Zz4K" alt="Pennsylvania Dutch Egg Noodles Extra Wide" class="product-grid-image product-grid-cell_main-image"></div><div class="product-grid-cell_price-tag product-grid-cell_price-tag--full-tile"><div class="product-tile_detail"><div class="product-grid-cell_price-container product-grid-cell_price-container_column"><span role="link" class="product-grid-cell_main-price product-grid-cell_main-price--on-sale"> $2.09 </span><div class="product-grid-cell_was-container"><span class="product-grid-cell_regular-price product-grid-cell_regular-price--small"> $2.29 </span></div></div></div><div class="product-tile_detail-title"><div data-v-7b5b6b2c="" role="link" tabindex="0" class="product-grid-cell_name"><h3 data-v-7b5b6b2c="" aria-label="Pennsylvania Dutch Egg Noodles Extra Wide" class="product-grid-cell_name-text product-grid-cell_name-text--small"><!----> Pennsylvania Dutch Egg Noodles Extra Wide </h3></div><div role="link" class="product-grid-cell_sizes"><span class="product-grid-cell_size"> 12 OZ BAG </span><span aria-hidden="true"> | </span><!----><span class="product-grid-cell_unit"> $0.17 / OZ </span></div><!----></div><div class="product-grid-cell_promo-name"><!----><!----><!----><!----><!----></div><!----><div class="margin-top--one"><!----><div data-v-4e03913c="" class="pdl-add-to-cart"><div data-v-4e03913c="" class="pdl-add-to-cart_button"><button data-v-4e03913c="" aria-label="Add to Cart" data-product-id="56329" data-price="2.09" class="button button--add-to-cart"> Add to Cart <!----></button><!----></div><!----></div></div><!----></div></div><!----><!----><div class="product-tile_action-items"><!----><!----><div class="shopping-list-menu_container"><div><button aria-label="add to shopping list" class="button pdl-product-detail_top-icon button--fourth pdl-product-detail_top-icon--borderless"><!----><div class="vector-icon-size--large"><svg xmlns="http://www.w3.org/2000/svg" aria-label="Shopping List Icon Add" viewBox="0 0 32 32" role="presentation" aria-hidden="true" focusable="false" class="vector-icon-color--dark-grey"><title lang="en">Shopping List Icon Add</title><desc></desc><g fill="" stroke=""><path d="M21.94066,15.3368884 L21.94066,12.8931995 C21.94066,12.3409148 22.3883752,11.8931995 22.94066,11.8931995 C23.4929447,11.8931995 23.94066,12.3409148 23.94066,12.8931995 L23.94066,15.3368884 L26.2522624,15.3368884 C26.8045471,15.3368884 27.2522624,15.7846037 27.2522624,16.3368884 C27.2522624,16.8891732 26.8045471,17.3368884 26.2522624,17.3368884 L23.94066,17.3368884 L23.94066,19.8787952 C23.94066,20.43108 23.4929447,20.8787952 22.94066,20.8787952 C22.3883752,20.8787952 21.94066,20.43108 21.94066,19.8787952 L21.94066,17.3368884 L19.2666667,17.3368884 C18.7143819,17.3368884 18.2666667,16.8891732 18.2666667,16.3368884 C18.2666667,15.7846037 18.7143819,15.3368884 19.2666667,15.3368884 L21.94066,15.3368884 Z M8,12 C7.44771525,12 7,11.5522847 7,11 C7,10.4477153 7.44771525,10 8,10 L19.1153581,10 C19.6676429,10 20.1153581,10.4477153 20.1153581,11 C20.1153581,11.5522847 19.6676429,12 19.1153581,12 L8,12 Z M8,17.3368884 C7.44771525,17.3368884 7,16.8891732 7,16.3368884 C7,15.7846037 7.44771525,15.3368884 8,15.3368884 L14.7200696,15.3368884 C15.2723543,15.3368884 15.7200696,15.7846037 15.7200696,16.3368884 C15.7200696,16.8891732 15.2723543,17.3368884 14.7200696,17.3368884 L8,17.3368884 Z M8,23 C7.44771525,23 7,22.5522847 7,22 C7,21.4477153 7.44771525,21 8,21 L19.1153581,21 C19.6676429,21 20.1153581,21.4477153 20.1153581,22 C20.1153581,22.5522847 19.6676429,23 19.1153581,23 L8,23 Z" fill="#000000" fill-rule="nonzero"></path></g></svg></div><div class="pdl-product-detail_list-tooltip"><p>Add item to shopping list</p><i></i></div></button><!----></div></div></div><!----></li><!----><!----><!----><li id="product-71" tabindex="-1" data-product-id="56510" aria-label="Giant Wide Egg Noodles" class="tile product-cell product-grid-cell"><!----><!----><!----><div class="product-tile_content"><div><!----><div class="flag_outer-container"><span class="flag_label flag_label--tomato"> Sale </span><!----><!----></div></div><!----><div><img src="data:image/svg+xml;base64,PD94bWwgdmVyc2lvbj0iMS4wIiBlbmNvZGluZz0idXRmLTgiPz4KPCEtLSBHZW5lcmF0ZWQgYnkgSWNvTW9vbi5pbyAtLT4KPCFET0NUWVBFIHN2ZyBQVUJMSUMgIi0vL1czQy8vRFREIFNWRyAxLjEvL0VOIiAiaHR0cDovL3d3dy53My5vcmcvR3JhcGhpY3MvU1ZHLzEuMS9EVEQvc3ZnMTEuZHRkIj4KPHN2ZyB2ZXJzaW9uPSIxLjEiIHhtbG5zPSJodHRwOi8vd3d3LnczLm9yZy8yMDAwL3N2ZyIgeG1sbnM6eGxpbms9Imh0dHA6Ly93d3cudzMub3JnLzE5OTkveGxpbmsiIHdpZHRoPSI0OCIgaGVpZ2h0PSI0OCIgdmlld0JveD0iMCAwIDQ4IDQ4Ij4KPGcgaWQ9Imljb21vb24taWdub3JlIj4KCTxsaW5lIHN0cm9rZS13aWR0aD0iMSIgeDE9IiIgeTE9IiIgeDI9IiIgeTI9IiIgc3Ryb2tlPSIjNDQ5RkRCIiBvcGFjaXR5PSIiPjwvbGluZT4KPC9nPgoJPHBhdGggZD0iTTM4LjQ4IDkuMDcwYzAuMjQ4IDAgMC40NSAwLjIwMiAwLjQ1IDAuNDV2MjguOTU5YzAgMC4yNDgtMC4yMDIgMC40NS0wLjQ1IDAuNDVoLTI4Ljk1OWMtMC4yNDggMC0wLjQ1LTAuMjAyLTAuNDUtMC40NXYtMjguOTU5YzAtMC4yNDggMC4yMDItMC40NSAwLjQ1LTAuNDVoMjguOTU5ek0zOC40OCA4aC0yOC45NTljLTAuODQgMC0xLjUyIDAuNjgxLTEuNTIgMS41MjF2MjguOTU5YzAgMC44NCAwLjY4MSAxLjUyMSAxLjUyIDEuNTIxaDI4Ljk1OWMwLjg0IDAgMS41Mi0wLjY4MSAxLjUyLTEuNTIxdi0yOC45NTljMC0wLjg0LTAuNjgxLTEuNTIxLTEuNTItMS41MjF2MHoiIG9wYWNpdHk9IjEiIHZpc2liaWxpdHk9ImZhbHNlIiBmaWxsPSIjZDdkN2Q3Ij48L3BhdGg+Cgk8cGF0aCBkPSJNMTIuMjI4IDM1LjIyNHYtMy4zMjljMC0wLjE0NSAwLjA1OC0wLjI4NSAwLjE2LTAuMzg4bDUuNTg3LTUuNTg3YzAuMjE0LTAuMjE0IDAuNTYxLTAuMjE0IDAuNzc1IDBsMi4xMTkgMi4xMTljMC4yMTQgMC4yMTQgMC41NjEgMC4yMTQgMC43NzUgMGw4LjE5MS04LjE5MmMwLjIxNC0wLjIxNCAwLjU2MS0wLjIxNCAwLjc3NSAwbDUgNWMwLjEwMyAwLjEwMyAwLjE2IDAuMjQyIDAuMTYgMC4zODh2OS45ODhjMCAwLjMwMy0wLjI0NSAwLjU0OC0wLjU0OCAwLjU0OGgtMjIuNDQ3Yy0wLjMwMyAwLTAuNTQ4LTAuMjQ1LTAuNTQ4LTAuNTQ4eiIgb3BhY2l0eT0iMSIgdmlzaWJpbGl0eT0iZmFsc2UiIGZpbGw9IiNkN2Q3ZDciPjwvcGF0aD4KCTxwYXRoIGQ9Ik0yMS41NDQgMTcuOTY3YzAgMS45ODItMS42MDYgMy41ODgtMy41ODggMy41ODhzLTMuNTg4LTEuNjA2LTMuNTg4LTMuNTg4YzAtMS45ODEgMS42MDYtMy41ODggMy41ODgtMy41ODhzMy41ODggMS42MDYgMy41ODggMy41ODh6IiBvcGFjaXR5PSIxIiB2aXNpYmlsaXR5PSJmYWxzZSIgZmlsbD0iI2Q3ZDdkNyI+PC9wYXRoPgo8L3N2Zz4K" alt="Giant Wide Egg Noodles" class="product-grid-image product-grid-cell_main-image"></div><div class="product-grid-cell_price-tag product-grid-cell_price-tag--full-tile"><div class="product-tile_detail"><div class="product-grid-cell_price-container product-grid-cell_price-container_column"><span role="link" class="product-grid-cell_main-price product-grid-cell_main-price--on-sale"> $0.99 </span><div class="product-grid-cell_was-container"><span class="product-grid-cell_regular-price product-grid-cell_regular-price--small"> $1.09 </span></div></div></div><div class="product-tile_detail-title"><div data-v-7b5b6b2c="" role="link" tabindex="0" class="product-grid-cell_name"><h3 data-v-7b5b6b2c="" aria-label="Giant Wide Egg Noodles" class="product-grid-cell_name-text product-grid-cell_name-text--small"><span data-v-7b5b6b2c="" class="vector-icon_inline-text--left"><div data-v-7b5b6b2c="" class="vector-icon-size--xsmall"><svg xmlns="http://www.w3.org/2000/svg" aria-label="Ahold Icon" viewBox="0 0 1024 945" role="presentation" aria-hidden="true" focusable="false" class=""><title lang="en">Ahold Icon</title><desc></desc><g fill="" stroke=""><g data-v-7b5b6b2c=""><path data-v-7b5b6b2c="" d="M1.893 730.617c-1.289-2.094-2.052-4.631-2.052-7.346 0-0.747 0.058-1.481 0.169-2.197 0.158-12.396 10.227-22.466 22.687-22.634l895.306-0c12.476 0.168 22.545 10.237 22.713 22.698-0.521 3.721-1.182 6.924-2.024 10.053l0.131-0.574c-86.363 175.072-263.598 293.385-468.466 293.385s-382.103-118.313-467.105-290.339l-1.361-3.046z" fill="rgb(247, 168, 0)" class="path1"></path><path data-v-7b5b6b2c="" d="M107.889 132.495c1.893-1.893 1.893-3.786 3.786-5.678 2.98-3.491 7.385-5.69 12.303-5.69s9.323 2.199 12.284 5.668l0.019 0.022 476.983 476.983c3.491 2.98 5.69 7.385 5.69 12.303s-2.199 9.323-5.668 12.284c-1.399 1.869-3.361 3.216-5.631 3.789l-0.069 0.015c-38.446 13.732-82.796 21.669-129.001 21.669-108.416 0-206.626-43.699-277.977-114.443-70.367-71.826-113.809-170.317-113.809-278.955 0-45.803 7.722-89.803 21.936-130.767l-0.845 2.8z" fill="rgb(226, 35, 26)" class="path2"></path><path data-v-7b5b6b2c="" d="M600.015 1.893c1.247-1.204 2.948-1.946 4.822-1.946 0.302 0 0.6 0.019 0.891 0.057 0.057-0.006 0.164-0.007 0.272-0.007 7.15 0 12.947 5.796 12.947 12.947 0 0.108-0.001 0.215-0.004 0.322l0-0.016v503.482c0.002 0.091 0.004 0.199 0.004 0.306 0 7.15-5.796 12.947-12.947 12.947-0.108 0-0.215-0.001-0.322-0.004-0.241 0.034-0.539 0.053-0.841 0.053-1.874 0-3.574-0.742-4.824-1.948l0.002 0.002c-98.273-48.542-164.673-148.065-164.673-263.098s66.401-214.556 162.964-262.333l1.709-0.765z" fill="rgb(113, 33, 119)" class="path3"></path><path data-v-7b5b6b2c="" d="M938.824 283.919c1.893 0 1.893 1.893 3.786 1.893 1.765 2.012 2.841 4.666 2.841 7.571s-1.077 5.559-2.853 7.584l0.011-0.013-268.776 266.884c-2.012 1.765-4.666 2.841-7.571 2.841s-5.559-1.077-7.584-2.853c-1.144-0.651-1.911-1.879-1.911-3.285 0-0.172 0.012-0.342 0.034-0.508l-0.002 0.019c-7.681-21.529-12.12-46.363-12.12-72.235 0-61.263 24.891-116.712 65.111-156.786 39.326-39.792 93.895-64.431 154.219-64.431 26.857 0 52.573 4.884 76.309 13.812l-1.494-0.493z" fill="rgb(130, 188, 0)" class="path4"></path></g></g></svg></div></span> Giant Wide Egg Noodles </h3></div><div role="link" class="product-grid-cell_sizes"><span class="product-grid-cell_size"> 12 OZ BAG </span><span aria-hidden="true"> | </span><!----><span class="product-grid-cell_unit"> $0.08 / OZ </span></div><!----></div><div class="product-grid-cell_promo-name"><!----><!----><!----><!----><!----></div><!----><div class="margin-top--one"><!----><div data-v-4e03913c="" class="pdl-add-to-cart"><div data-v-4e03913c="" class="pdl-add-to-cart_button"><button data-v-4e03913c="" aria-label="Add to Cart" data-product-id="56510" data-price="0.99" class="button button--add-to-cart"> Add to Cart <!----></button><!----></div><!----></div></div><!----></div></div><!----><!----><div class="product-tile_action-items"><!----><!----><div class="shopping-list-menu_container"><div><button aria-label="add to shopping list" class="button pdl-product-detail_top-icon button--fourth pdl-product-detail_top-icon--borderless"><!----><div class="vector-icon-size--large"><svg xmlns="http://www.w3.org/2000/svg" aria-label="Shopping List Icon Add" viewBox="0 0 32 32" role="presentation" aria-hidden="true" focusable="false" class="vector-icon-color--dark-grey"><title lang="en">Shopping List Icon Add</title><desc></desc><g fill="" stroke=""><path d="M21.94066,15.3368884 L21.94066,12.8931995 C21.94066,12.3409148 22.3883752,11.8931995 22.94066,11.8931995 C23.4929447,11.8931995 23.94066,12.3409148 23.94066,12.8931995 L23.94066,15.3368884 L26.2522624,15.3368884 C26.8045471,15.3368884 27.2522624,15.7846037 27.2522624,16.3368884 C27.2522624,16.8891732 26.8045471,17.3368884 26.2522624,17.3368884 L23.94066,17.3368884 L23.94066,19.8787952 C23.94066,20.43108 23.4929447,20.8787952 22.94066,20.8787952 C22.3883752,20.8787952 21.94066,20.43108 21.94066,19.8787952 L21.94066,17.3368884 L19.2666667,17.3368884 C18.7143819,17.3368884 18.2666667,16.8891732 18.2666667,16.3368884 C18.2666667,15.7846037 18.7143819,15.3368884 19.2666667,15.3368884 L21.94066,15.3368884 Z M8,12 C7.44771525,12 7,11.5522847 7,11 C7,10.4477153 7.44771525,10 8,10 L19.1153581,10 C19.6676429,10 20.1153581,10.4477153 20.1153581,11 C20.1153581,11.5522847 19.6676429,12 19.1153581,12 L8,12 Z M8,17.3368884 C7.44771525,17.3368884 7,16.8891732 7,16.3368884 C7,15.7846037 7.44771525,15.3368884 8,15.3368884 L14.7200696,15.3368884 C15.2723543,15.3368884 15.7200696,15.7846037 15.7200696,16.3368884 C15.7200696,16.8891732 15.2723543,17.3368884 14.7200696,17.3368884 L8,17.3368884 Z M8,23 C7.44771525,23 7,22.5522847 7,22 C7,21.4477153 7.44771525,21 8,21 L19.1153581,21 C19.6676429,21 20.1153581,21.4477153 20.1153581,22 C20.1153581,22.5522847 19.6676429,23 19.1153581,23 L8,23 Z" fill="#000000" fill-rule="nonzero"></path></g></svg></div><div class="pdl-product-detail_list-tooltip"><p>Add item to shopping list</p><i></i></div></button><!----></div></div></div><!----></li><!----><!----><!----><li id="product-72" tabindex="-1" data-product-id="56511" aria-label="Giant Egg Noodles Medium" class="tile product-cell product-grid-cell"><!----><!----><!----><div class="product-tile_content"><div><!----><div class="flag_outer-container"><span class="flag_label flag_label--tomato"> Sale </span><!----><!----></div></div><!----><div><img src="data:image/svg+xml;base64,PD94bWwgdmVyc2lvbj0iMS4wIiBlbmNvZGluZz0idXRmLTgiPz4KPCEtLSBHZW5lcmF0ZWQgYnkgSWNvTW9vbi5pbyAtLT4KPCFET0NUWVBFIHN2ZyBQVUJMSUMgIi0vL1czQy8vRFREIFNWRyAxLjEvL0VOIiAiaHR0cDovL3d3dy53My5vcmcvR3JhcGhpY3MvU1ZHLzEuMS9EVEQvc3ZnMTEuZHRkIj4KPHN2ZyB2ZXJzaW9uPSIxLjEiIHhtbG5zPSJodHRwOi8vd3d3LnczLm9yZy8yMDAwL3N2ZyIgeG1sbnM6eGxpbms9Imh0dHA6Ly93d3cudzMub3JnLzE5OTkveGxpbmsiIHdpZHRoPSI0OCIgaGVpZ2h0PSI0OCIgdmlld0JveD0iMCAwIDQ4IDQ4Ij4KPGcgaWQ9Imljb21vb24taWdub3JlIj4KCTxsaW5lIHN0cm9rZS13aWR0aD0iMSIgeDE9IiIgeTE9IiIgeDI9IiIgeTI9IiIgc3Ryb2tlPSIjNDQ5RkRCIiBvcGFjaXR5PSIiPjwvbGluZT4KPC9nPgoJPHBhdGggZD0iTTM4LjQ4IDkuMDcwYzAuMjQ4IDAgMC40NSAwLjIwMiAwLjQ1IDAuNDV2MjguOTU5YzAgMC4yNDgtMC4yMDIgMC40NS0wLjQ1IDAuNDVoLTI4Ljk1OWMtMC4yNDggMC0wLjQ1LTAuMjAyLTAuNDUtMC40NXYtMjguOTU5YzAtMC4yNDggMC4yMDItMC40NSAwLjQ1LTAuNDVoMjguOTU5ek0zOC40OCA4aC0yOC45NTljLTAuODQgMC0xLjUyIDAuNjgxLTEuNTIgMS41MjF2MjguOTU5YzAgMC44NCAwLjY4MSAxLjUyMSAxLjUyIDEuNTIxaDI4Ljk1OWMwLjg0IDAgMS41Mi0wLjY4MSAxLjUyLTEuNTIxdi0yOC45NTljMC0wLjg0LTAuNjgxLTEuNTIxLTEuNTItMS41MjF2MHoiIG9wYWNpdHk9IjEiIHZpc2liaWxpdHk9ImZhbHNlIiBmaWxsPSIjZDdkN2Q3Ij48L3BhdGg+Cgk8cGF0aCBkPSJNMTIuMjI4IDM1LjIyNHYtMy4zMjljMC0wLjE0NSAwLjA1OC0wLjI4NSAwLjE2LTAuMzg4bDUuNTg3LTUuNTg3YzAuMjE0LTAuMjE0IDAuNTYxLTAuMjE0IDAuNzc1IDBsMi4xMTkgMi4xMTljMC4yMTQgMC4yMTQgMC41NjEgMC4yMTQgMC43NzUgMGw4LjE5MS04LjE5MmMwLjIxNC0wLjIxNCAwLjU2MS0wLjIxNCAwLjc3NSAwbDUgNWMwLjEwMyAwLjEwMyAwLjE2IDAuMjQyIDAuMTYgMC4zODh2OS45ODhjMCAwLjMwMy0wLjI0NSAwLjU0OC0wLjU0OCAwLjU0OGgtMjIuNDQ3Yy0wLjMwMyAwLTAuNTQ4LTAuMjQ1LTAuNTQ4LTAuNTQ4eiIgb3BhY2l0eT0iMSIgdmlzaWJpbGl0eT0iZmFsc2UiIGZpbGw9IiNkN2Q3ZDciPjwvcGF0aD4KCTxwYXRoIGQ9Ik0yMS41NDQgMTcuOTY3YzAgMS45ODItMS42MDYgMy41ODgtMy41ODggMy41ODhzLTMuNTg4LTEuNjA2LTMuNTg4LTMuNTg4YzAtMS45ODEgMS42MDYtMy41ODggMy41ODgtMy41ODhzMy41ODggMS42MDYgMy41ODggMy41ODh6IiBvcGFjaXR5PSIxIiB2aXNpYmlsaXR5PSJmYWxzZSIgZmlsbD0iI2Q3ZDdkNyI+PC9wYXRoPgo8L3N2Zz4K" alt="Giant Egg Noodles Medium" class="product-grid-image product-grid-cell_main-image"></div><div class="product-grid-cell_price-tag product-grid-cell_price-tag--full-tile"><div class="product-tile_detail"><div class="product-grid-cell_price-container product-grid-cell_price-container_column"><span role="link" class="product-grid-cell_main-price product-grid-cell_main-price--on-sale"> $0.99 </span><div class="product-grid-cell_was-container"><span class="product-grid-cell_regular-price product-grid-cell_regular-price--small"> $1.09 </span></div></div></div><div class="product-tile_detail-title"><div data-v-7b5b6b2c="" role="link" tabindex="0" class="product-grid-cell_name"><h3 data-v-7b5b6b2c="" aria-label="Giant Egg Noodles Medium" class="product-grid-cell_name-text product-grid-cell_name-text--small"><span data-v-7b5b6b2c="" class="vector-icon_inline-text--left"><div data-v-7b5b6b2c="" class="vector-icon-size--xsmall"><svg xmlns="http://www.w3.org/2000/svg" aria-label="Ahold Icon" viewBox="0 0 1024 945" role="presentation" aria-hidden="true" focusable="false" class=""><title lang="en">Ahold Icon</title><desc></desc><g fill="" stroke=""><g data-v-7b5b6b2c=""><path data-v-7b5b6b2c="" d="M1.893 730.617c-1.289-2.094-2.052-4.631-2.052-7.346 0-0.747 0.058-1.481 0.169-2.197 0.158-12.396 10.227-22.466 22.687-22.634l895.306-0c12.476 0.168 22.545 10.237 22.713 22.698-0.521 3.721-1.182 6.924-2.024 10.053l0.131-0.574c-86.363 175.072-263.598 293.385-468.466 293.385s-382.103-118.313-467.105-290.339l-1.361-3.046z" fill="rgb(247, 168, 0)" class="path1"></path><path data-v-7b5b6b2c="" d="M107.889 132.495c1.893-1.893 1.893-3.786 3.786-5.678 2.98-3.491 7.385-5.69 12.303-5.69s9.323 2.199 12.284 5.668l0.019 0.022 476.983 476.983c3.491 2.98 5.69 7.385 5.69 12.303s-2.199 9.323-5.668 12.284c-1.399 1.869-3.361 3.216-5.631 3.789l-0.069 0.015c-38.446 13.732-82.796 21.669-129.001 21.669-108.416 0-206.626-43.699-277.977-114.443-70.367-71.826-113.809-170.317-113.809-278.955 0-45.803 7.722-89.803 21.936-130.767l-0.845 2.8z" fill="rgb(226, 35, 26)" class="path2"></path><path data-v-7b5b6b2c="" d="M600.015 1.893c1.247-1.204 2.948-1.946 4.822-1.946 0.302 0 0.6 0.019 0.891 0.057 0.057-0.006 0.164-0.007 0.272-0.007 7.15 0 12.947 5.796 12.947 12.947 0 0.108-0.001 0.215-0.004 0.322l0-0.016v503.482c0.002 0.091 0.004 0.199 0.004 0.306 0 7.15-5.796 12.947-12.947 12.947-0.108 0-0.215-0.001-0.322-0.004-0.241 0.034-0.539 0.053-0.841 0.053-1.874 0-3.574-0.742-4.824-1.948l0.002 0.002c-98.273-48.542-164.673-148.065-164.673-263.098s66.401-214.556 162.964-262.333l1.709-0.765z" fill="rgb(113, 33, 119)" class="path3"></path><path data-v-7b5b6b2c="" d="M938.824 283.919c1.893 0 1.893 1.893 3.786 1.893 1.765 2.012 2.841 4.666 2.841 7.571s-1.077 5.559-2.853 7.584l0.011-0.013-268.776 266.884c-2.012 1.765-4.666 2.841-7.571 2.841s-5.559-1.077-7.584-2.853c-1.144-0.651-1.911-1.879-1.911-3.285 0-0.172 0.012-0.342 0.034-0.508l-0.002 0.019c-7.681-21.529-12.12-46.363-12.12-72.235 0-61.263 24.891-116.712 65.111-156.786 39.326-39.792 93.895-64.431 154.219-64.431 26.857 0 52.573 4.884 76.309 13.812l-1.494-0.493z" fill="rgb(130, 188, 0)" class="path4"></path></g></g></svg></div></span> Giant Egg Noodles Medium </h3></div><div role="link" class="product-grid-cell_sizes"><span class="product-grid-cell_size"> 12 OZ BAG </span><span aria-hidden="true"> | </span><!----><span class="product-grid-cell_unit"> $0.08 / OZ </span></div><!----></div><div class="product-grid-cell_promo-name"><!----><!----><!----><!----><!----></div><!----><div class="margin-top--one"><!----><div data-v-4e03913c="" class="pdl-add-to-cart"><div data-v-4e03913c="" class="pdl-add-to-cart_button"><button data-v-4e03913c="" aria-label="Add to Cart" data-product-id="56511" data-price="0.99" class="button button--add-to-cart"> Add to Cart <!----></button><!----></div><!----></div></div><!----></div></div><!----><!----><div class="product-tile_action-items"><!----><!----><div class="shopping-list-menu_container"><div><button aria-label="add to shopping list" class="button pdl-product-detail_top-icon button--fourth pdl-product-detail_top-icon--borderless"><!----><div class="vector-icon-size--large"><svg xmlns="http://www.w3.org/2000/svg" aria-label="Shopping List Icon Add" viewBox="0 0 32 32" role="presentation" aria-hidden="true" focusable="false" class="vector-icon-color--dark-grey"><title lang="en">Shopping List Icon Add</title><desc></desc><g fill="" stroke=""><path d="M21.94066,15.3368884 L21.94066,12.8931995 C21.94066,12.3409148 22.3883752,11.8931995 22.94066,11.8931995 C23.4929447,11.8931995 23.94066,12.3409148 23.94066,12.8931995 L23.94066,15.3368884 L26.2522624,15.3368884 C26.8045471,15.3368884 27.2522624,15.7846037 27.2522624,16.3368884 C27.2522624,16.8891732 26.8045471,17.3368884 26.2522624,17.3368884 L23.94066,17.3368884 L23.94066,19.8787952 C23.94066,20.43108 23.4929447,20.8787952 22.94066,20.8787952 C22.3883752,20.8787952 21.94066,20.43108 21.94066,19.8787952 L21.94066,17.3368884 L19.2666667,17.3368884 C18.7143819,17.3368884 18.2666667,16.8891732 18.2666667,16.3368884 C18.2666667,15.7846037 18.7143819,15.3368884 19.2666667,15.3368884 L21.94066,15.3368884 Z M8,12 C7.44771525,12 7,11.5522847 7,11 C7,10.4477153 7.44771525,10 8,10 L19.1153581,10 C19.6676429,10 20.1153581,10.4477153 20.1153581,11 C20.1153581,11.5522847 19.6676429,12 19.1153581,12 L8,12 Z M8,17.3368884 C7.44771525,17.3368884 7,16.8891732 7,16.3368884 C7,15.7846037 7.44771525,15.3368884 8,15.3368884 L14.7200696,15.3368884 C15.2723543,15.3368884 15.7200696,15.7846037 15.7200696,16.3368884 C15.7200696,16.8891732 15.2723543,17.3368884 14.7200696,17.3368884 L8,17.3368884 Z M8,23 C7.44771525,23 7,22.5522847 7,22 C7,21.4477153 7.44771525,21 8,21 L19.1153581,21 C19.6676429,21 20.1153581,21.4477153 20.1153581,22 C20.1153581,22.5522847 19.6676429,23 19.1153581,23 L8,23 Z" fill="#000000" fill-rule="nonzero"></path></g></svg></div><div class="pdl-product-detail_list-tooltip"><p>Add item to shopping list</p><i></i></div></button><!----></div></div></div><!----></li><!----><!----><!----><li id="product-73" tabindex="-1" data-product-id="8478" aria-label="No Yolks Egg Noodles Extra Broad" class="tile product-cell product-grid-cell"><!----><!----><!----><div class="product-tile_content"><div><!----><div class="flag_outer-container"><span class="flag_label flag_label--tomato"> Sale </span><!----><!----></div></div><!----><div><img src="data:image/svg+xml;base64,PD94bWwgdmVyc2lvbj0iMS4wIiBlbmNvZGluZz0idXRmLTgiPz4KPCEtLSBHZW5lcmF0ZWQgYnkgSWNvTW9vbi5pbyAtLT4KPCFET0NUWVBFIHN2ZyBQVUJMSUMgIi0vL1czQy8vRFREIFNWRyAxLjEvL0VOIiAiaHR0cDovL3d3dy53My5vcmcvR3JhcGhpY3MvU1ZHLzEuMS9EVEQvc3ZnMTEuZHRkIj4KPHN2ZyB2ZXJzaW9uPSIxLjEiIHhtbG5zPSJodHRwOi8vd3d3LnczLm9yZy8yMDAwL3N2ZyIgeG1sbnM6eGxpbms9Imh0dHA6Ly93d3cudzMub3JnLzE5OTkveGxpbmsiIHdpZHRoPSI0OCIgaGVpZ2h0PSI0OCIgdmlld0JveD0iMCAwIDQ4IDQ4Ij4KPGcgaWQ9Imljb21vb24taWdub3JlIj4KCTxsaW5lIHN0cm9rZS13aWR0aD0iMSIgeDE9IiIgeTE9IiIgeDI9IiIgeTI9IiIgc3Ryb2tlPSIjNDQ5RkRCIiBvcGFjaXR5PSIiPjwvbGluZT4KPC9nPgoJPHBhdGggZD0iTTM4LjQ4IDkuMDcwYzAuMjQ4IDAgMC40NSAwLjIwMiAwLjQ1IDAuNDV2MjguOTU5YzAgMC4yNDgtMC4yMDIgMC40NS0wLjQ1IDAuNDVoLTI4Ljk1OWMtMC4yNDggMC0wLjQ1LTAuMjAyLTAuNDUtMC40NXYtMjguOTU5YzAtMC4yNDggMC4yMDItMC40NSAwLjQ1LTAuNDVoMjguOTU5ek0zOC40OCA4aC0yOC45NTljLTAuODQgMC0xLjUyIDAuNjgxLTEuNTIgMS41MjF2MjguOTU5YzAgMC44NCAwLjY4MSAxLjUyMSAxLjUyIDEuNTIxaDI4Ljk1OWMwLjg0IDAgMS41Mi0wLjY4MSAxLjUyLTEuNTIxdi0yOC45NTljMC0wLjg0LTAuNjgxLTEuNTIxLTEuNTItMS41MjF2MHoiIG9wYWNpdHk9IjEiIHZpc2liaWxpdHk9ImZhbHNlIiBmaWxsPSIjZDdkN2Q3Ij48L3BhdGg+Cgk8cGF0aCBkPSJNMTIuMjI4IDM1LjIyNHYtMy4zMjljMC0wLjE0NSAwLjA1OC0wLjI4NSAwLjE2LTAuMzg4bDUuNTg3LTUuNTg3YzAuMjE0LTAuMjE0IDAuNTYxLTAuMjE0IDAuNzc1IDBsMi4xMTkgMi4xMTljMC4yMTQgMC4yMTQgMC41NjEgMC4yMTQgMC43NzUgMGw4LjE5MS04LjE5MmMwLjIxNC0wLjIxNCAwLjU2MS0wLjIxNCAwLjc3NSAwbDUgNWMwLjEwMyAwLjEwMyAwLjE2IDAuMjQyIDAuMTYgMC4zODh2OS45ODhjMCAwLjMwMy0wLjI0NSAwLjU0OC0wLjU0OCAwLjU0OGgtMjIuNDQ3Yy0wLjMwMyAwLTAuNTQ4LTAuMjQ1LTAuNTQ4LTAuNTQ4eiIgb3BhY2l0eT0iMSIgdmlzaWJpbGl0eT0iZmFsc2UiIGZpbGw9IiNkN2Q3ZDciPjwvcGF0aD4KCTxwYXRoIGQ9Ik0yMS41NDQgMTcuOTY3YzAgMS45ODItMS42MDYgMy41ODgtMy41ODggMy41ODhzLTMuNTg4LTEuNjA2LTMuNTg4LTMuNTg4YzAtMS45ODEgMS42MDYtMy41ODggMy41ODgtMy41ODhzMy41ODggMS42MDYgMy41ODggMy41ODh6IiBvcGFjaXR5PSIxIiB2aXNpYmlsaXR5PSJmYWxzZSIgZmlsbD0iI2Q3ZDdkNyI+PC9wYXRoPgo8L3N2Zz4K" alt="No Yolks Egg Noodles Extra Broad" class="product-grid-image product-grid-cell_main-image"></div><div class="product-grid-cell_price-tag product-grid-cell_price-tag--full-tile"><div class="product-tile_detail"><div class="product-grid-cell_price-container product-grid-cell_price-container_column"><span role="link" class="product-grid-cell_main-price product-grid-cell_main-price--on-sale"> $2.00 </span><div class="product-grid-cell_was-container"><span class="product-grid-cell_regular-price product-grid-cell_regular-price--small"> $2.29 </span></div></div></div><div class="product-tile_detail-title"><div data-v-7b5b6b2c="" role="link" tabindex="0" class="product-grid-cell_name"><h3 data-v-7b5b6b2c="" aria-label="No Yolks Egg Noodles Extra Broad" class="product-grid-cell_name-text product-grid-cell_name-text--small"><!----> No Yolks Egg Noodles Extra Broad </h3></div><div role="link" class="product-grid-cell_sizes"><span class="product-grid-cell_size"> 12 OZ BAG </span><span aria-hidden="true"> | </span><!----><span class="product-grid-cell_unit"> $0.17 / OZ </span></div><!----></div><div class="product-grid-cell_promo-name"><!----><!----><!----><!----><!----></div><!----><div class="margin-top--one"><!----><div data-v-4e03913c="" class="pdl-add-to-cart"><div data-v-4e03913c="" class="pdl-add-to-cart_button"><button data-v-4e03913c="" aria-label="Add to Cart" data-product-id="8478" data-price="2" class="button button--add-to-cart"> Add to Cart <!----></button><!----></div><!----></div></div><!----></div></div><!----><!----><div class="product-tile_action-items"><!----><!----><div class="shopping-list-menu_container"><div><button aria-label="add to shopping list" class="button pdl-product-detail_top-icon button--fourth pdl-product-detail_top-icon--borderless"><!----><div class="vector-icon-size--large"><svg xmlns="http://www.w3.org/2000/svg" aria-label="Shopping List Icon Add" viewBox="0 0 32 32" role="presentation" aria-hidden="true" focusable="false" class="vector-icon-color--dark-grey"><title lang="en">Shopping List Icon Add</title><desc></desc><g fill="" stroke=""><path d="M21.94066,15.3368884 L21.94066,12.8931995 C21.94066,12.3409148 22.3883752,11.8931995 22.94066,11.8931995 C23.4929447,11.8931995 23.94066,12.3409148 23.94066,12.8931995 L23.94066,15.3368884 L26.2522624,15.3368884 C26.8045471,15.3368884 27.2522624,15.7846037 27.2522624,16.3368884 C27.2522624,16.8891732 26.8045471,17.3368884 26.2522624,17.3368884 L23.94066,17.3368884 L23.94066,19.8787952 C23.94066,20.43108 23.4929447,20.8787952 22.94066,20.8787952 C22.3883752,20.8787952 21.94066,20.43108 21.94066,19.8787952 L21.94066,17.3368884 L19.2666667,17.3368884 C18.7143819,17.3368884 18.2666667,16.8891732 18.2666667,16.3368884 C18.2666667,15.7846037 18.7143819,15.3368884 19.2666667,15.3368884 L21.94066,15.3368884 Z M8,12 C7.44771525,12 7,11.5522847 7,11 C7,10.4477153 7.44771525,10 8,10 L19.1153581,10 C19.6676429,10 20.1153581,10.4477153 20.1153581,11 C20.1153581,11.5522847 19.6676429,12 19.1153581,12 L8,12 Z M8,17.3368884 C7.44771525,17.3368884 7,16.8891732 7,16.3368884 C7,15.7846037 7.44771525,15.3368884 8,15.3368884 L14.7200696,15.3368884 C15.2723543,15.3368884 15.7200696,15.7846037 15.7200696,16.3368884 C15.7200696,16.8891732 15.2723543,17.3368884 14.7200696,17.3368884 L8,17.3368884 Z M8,23 C7.44771525,23 7,22.5522847 7,22 C7,21.4477153 7.44771525,21 8,21 L19.1153581,21 C19.6676429,21 20.1153581,21.4477153 20.1153581,22 C20.1153581,22.5522847 19.6676429,23 19.1153581,23 L8,23 Z" fill="#000000" fill-rule="nonzero"></path></g></svg></div><div class="pdl-product-detail_list-tooltip"><p>Add item to shopping list</p><i></i></div></button><!----></div></div></div><!----></li><!----><!----><!----><li id="product-74" tabindex="-1" data-product-id="8811" aria-label="Manischewitz Egg Noodles Fine" class="tile product-cell product-grid-cell"><!----><!----><!----><div class="product-tile_content"><div><!----><div class="flag_outer-container"><span class="flag_label flag_label--tomato"> Sale </span><!----><!----></div></div><!----><div><img src="data:image/svg+xml;base64,PD94bWwgdmVyc2lvbj0iMS4wIiBlbmNvZGluZz0idXRmLTgiPz4KPCEtLSBHZW5lcmF0ZWQgYnkgSWNvTW9vbi5pbyAtLT4KPCFET0NUWVBFIHN2ZyBQVUJMSUMgIi0vL1czQy8vRFREIFNWRyAxLjEvL0VOIiAiaHR0cDovL3d3dy53My5vcmcvR3JhcGhpY3MvU1ZHLzEuMS9EVEQvc3ZnMTEuZHRkIj4KPHN2ZyB2ZXJzaW9uPSIxLjEiIHhtbG5zPSJodHRwOi8vd3d3LnczLm9yZy8yMDAwL3N2ZyIgeG1sbnM6eGxpbms9Imh0dHA6Ly93d3cudzMub3JnLzE5OTkveGxpbmsiIHdpZHRoPSI0OCIgaGVpZ2h0PSI0OCIgdmlld0JveD0iMCAwIDQ4IDQ4Ij4KPGcgaWQ9Imljb21vb24taWdub3JlIj4KCTxsaW5lIHN0cm9rZS13aWR0aD0iMSIgeDE9IiIgeTE9IiIgeDI9IiIgeTI9IiIgc3Ryb2tlPSIjNDQ5RkRCIiBvcGFjaXR5PSIiPjwvbGluZT4KPC9nPgoJPHBhdGggZD0iTTM4LjQ4IDkuMDcwYzAuMjQ4IDAgMC40NSAwLjIwMiAwLjQ1IDAuNDV2MjguOTU5YzAgMC4yNDgtMC4yMDIgMC40NS0wLjQ1IDAuNDVoLTI4Ljk1OWMtMC4yNDggMC0wLjQ1LTAuMjAyLTAuNDUtMC40NXYtMjguOTU5YzAtMC4yNDggMC4yMDItMC40NSAwLjQ1LTAuNDVoMjguOTU5ek0zOC40OCA4aC0yOC45NTljLTAuODQgMC0xLjUyIDAuNjgxLTEuNTIgMS41MjF2MjguOTU5YzAgMC44NCAwLjY4MSAxLjUyMSAxLjUyIDEuNTIxaDI4Ljk1OWMwLjg0IDAgMS41Mi0wLjY4MSAxLjUyLTEuNTIxdi0yOC45NTljMC0wLjg0LTAuNjgxLTEuNTIxLTEuNTItMS41MjF2MHoiIG9wYWNpdHk9IjEiIHZpc2liaWxpdHk9ImZhbHNlIiBmaWxsPSIjZDdkN2Q3Ij48L3BhdGg+Cgk8cGF0aCBkPSJNMTIuMjI4IDM1LjIyNHYtMy4zMjljMC0wLjE0NSAwLjA1OC0wLjI4NSAwLjE2LTAuMzg4bDUuNTg3LTUuNTg3YzAuMjE0LTAuMjE0IDAuNTYxLTAuMjE0IDAuNzc1IDBsMi4xMTkgMi4xMTljMC4yMTQgMC4yMTQgMC41NjEgMC4yMTQgMC43NzUgMGw4LjE5MS04LjE5MmMwLjIxNC0wLjIxNCAwLjU2MS0wLjIxNCAwLjc3NSAwbDUgNWMwLjEwMyAwLjEwMyAwLjE2IDAuMjQyIDAuMTYgMC4zODh2OS45ODhjMCAwLjMwMy0wLjI0NSAwLjU0OC0wLjU0OCAwLjU0OGgtMjIuNDQ3Yy0wLjMwMyAwLTAuNTQ4LTAuMjQ1LTAuNTQ4LTAuNTQ4eiIgb3BhY2l0eT0iMSIgdmlzaWJpbGl0eT0iZmFsc2UiIGZpbGw9IiNkN2Q3ZDciPjwvcGF0aD4KCTxwYXRoIGQ9Ik0yMS41NDQgMTcuOTY3YzAgMS45ODItMS42MDYgMy41ODgtMy41ODggMy41ODhzLTMuNTg4LTEuNjA2LTMuNTg4LTMuNTg4YzAtMS45ODEgMS42MDYtMy41ODggMy41ODgtMy41ODhzMy41ODggMS42MDYgMy41ODggMy41ODh6IiBvcGFjaXR5PSIxIiB2aXNpYmlsaXR5PSJmYWxzZSIgZmlsbD0iI2Q3ZDdkNyI+PC9wYXRoPgo8L3N2Zz4K" alt="Manischewitz Egg Noodles Fine" class="product-grid-image product-grid-cell_main-image"></div><div class="product-grid-cell_price-tag product-grid-cell_price-tag--full-tile"><div class="product-tile_detail"><div class="product-grid-cell_price-container product-grid-cell_price-container_column"><span role="link" class="product-grid-cell_main-price product-grid-cell_main-price--on-sale"> $2.00 </span><div class="product-grid-cell_was-container"><span class="product-grid-cell_regular-price product-grid-cell_regular-price--small"> $2.49 </span></div></div></div><div class="product-tile_detail-title"><div data-v-7b5b6b2c="" role="link" tabindex="0" class="product-grid-cell_name"><h3 data-v-7b5b6b2c="" aria-label="Manischewitz Egg Noodles Fine" class="product-grid-cell_name-text product-grid-cell_name-text--small"><!----> Manischewitz Egg Noodles Fine </h3></div><div role="link" class="product-grid-cell_sizes"><span class="product-grid-cell_size"> 12 OZ BAG </span><span aria-hidden="true"> | </span><!----><span class="product-grid-cell_unit"> $0.17 / OZ </span></div><!----></div><div class="product-grid-cell_promo-name"><!----><!----><!----><!----><!----></div><!----><div class="margin-top--one"><!----><div data-v-4e03913c="" class="pdl-add-to-cart"><div data-v-4e03913c="" class="pdl-add-to-cart_button"><button data-v-4e03913c="" aria-label="Add to Cart" data-product-id="8811" data-price="2" class="button button--add-to-cart"> Add to Cart <!----></button><!----></div><!----></div></div><!----></div></div><!----><!----><div class="product-tile_action-items"><!----><!----><div class="shopping-list-menu_container"><div><button aria-label="add to shopping list" class="button pdl-product-detail_top-icon button--fourth pdl-product-detail_top-icon--borderless"><!----><div class="vector-icon-size--large"><svg xmlns="http://www.w3.org/2000/svg" aria-label="Shopping List Icon Add" viewBox="0 0 32 32" role="presentation" aria-hidden="true" focusable="false" class="vector-icon-color--dark-grey"><title lang="en">Shopping List Icon Add</title><desc></desc><g fill="" stroke=""><path d="M21.94066,15.3368884 L21.94066,12.8931995 C21.94066,12.3409148 22.3883752,11.8931995 22.94066,11.8931995 C23.4929447,11.8931995 23.94066,12.3409148 23.94066,12.8931995 L23.94066,15.3368884 L26.2522624,15.3368884 C26.8045471,15.3368884 27.2522624,15.7846037 27.2522624,16.3368884 C27.2522624,16.8891732 26.8045471,17.3368884 26.2522624,17.3368884 L23.94066,17.3368884 L23.94066,19.8787952 C23.94066,20.43108 23.4929447,20.8787952 22.94066,20.8787952 C22.3883752,20.8787952 21.94066,20.43108 21.94066,19.8787952 L21.94066,17.3368884 L19.2666667,17.3368884 C18.7143819,17.3368884 18.2666667,16.8891732 18.2666667,16.3368884 C18.2666667,15.7846037 18.7143819,15.3368884 19.2666667,15.3368884 L21.94066,15.3368884 Z M8,12 C7.44771525,12 7,11.5522847 7,11 C7,10.4477153 7.44771525,10 8,10 L19.1153581,10 C19.6676429,10 20.1153581,10.4477153 20.1153581,11 C20.1153581,11.5522847 19.6676429,12 19.1153581,12 L8,12 Z M8,17.3368884 C7.44771525,17.3368884 7,16.8891732 7,16.3368884 C7,15.7846037 7.44771525,15.3368884 8,15.3368884 L14.7200696,15.3368884 C15.2723543,15.3368884 15.7200696,15.7846037 15.7200696,16.3368884 C15.7200696,16.8891732 15.2723543,17.3368884 14.7200696,17.3368884 L8,17.3368884 Z M8,23 C7.44771525,23 7,22.5522847 7,22 C7,21.4477153 7.44771525,21 8,21 L19.1153581,21 C19.6676429,21 20.1153581,21.4477153 20.1153581,22 C20.1153581,22.5522847 19.6676429,23 19.1153581,23 L8,23 Z" fill="#000000" fill-rule="nonzero"></path></g></svg></div><div class="pdl-product-detail_list-tooltip"><p>Add item to shopping list</p><i></i></div></button><!----></div></div></div><!----></li><!----><!----><!----><li id="product-75" tabindex="-1" data-product-id="8813" aria-label="Manischewitz Egg Noodles Wide" class="tile product-cell product-grid-cell"><!----><!----><!----><div class="product-tile_content"><div><!----><div class="flag_outer-container"><span class="flag_label flag_label--tomato"> Sale </span><!----><!----></div></div><!----><div><img src="data:image/svg+xml;base64,PD94bWwgdmVyc2lvbj0iMS4wIiBlbmNvZGluZz0idXRmLTgiPz4KPCEtLSBHZW5lcmF0ZWQgYnkgSWNvTW9vbi5pbyAtLT4KPCFET0NUWVBFIHN2ZyBQVUJMSUMgIi0vL1czQy8vRFREIFNWRyAxLjEvL0VOIiAiaHR0cDovL3d3dy53My5vcmcvR3JhcGhpY3MvU1ZHLzEuMS9EVEQvc3ZnMTEuZHRkIj4KPHN2ZyB2ZXJzaW9uPSIxLjEiIHhtbG5zPSJodHRwOi8vd3d3LnczLm9yZy8yMDAwL3N2ZyIgeG1sbnM6eGxpbms9Imh0dHA6Ly93d3cudzMub3JnLzE5OTkveGxpbmsiIHdpZHRoPSI0OCIgaGVpZ2h0PSI0OCIgdmlld0JveD0iMCAwIDQ4IDQ4Ij4KPGcgaWQ9Imljb21vb24taWdub3JlIj4KCTxsaW5lIHN0cm9rZS13aWR0aD0iMSIgeDE9IiIgeTE9IiIgeDI9IiIgeTI9IiIgc3Ryb2tlPSIjNDQ5RkRCIiBvcGFjaXR5PSIiPjwvbGluZT4KPC9nPgoJPHBhdGggZD0iTTM4LjQ4IDkuMDcwYzAuMjQ4IDAgMC40NSAwLjIwMiAwLjQ1IDAuNDV2MjguOTU5YzAgMC4yNDgtMC4yMDIgMC40NS0wLjQ1IDAuNDVoLTI4Ljk1OWMtMC4yNDggMC0wLjQ1LTAuMjAyLTAuNDUtMC40NXYtMjguOTU5YzAtMC4yNDggMC4yMDItMC40NSAwLjQ1LTAuNDVoMjguOTU5ek0zOC40OCA4aC0yOC45NTljLTAuODQgMC0xLjUyIDAuNjgxLTEuNTIgMS41MjF2MjguOTU5YzAgMC44NCAwLjY4MSAxLjUyMSAxLjUyIDEuNTIxaDI4Ljk1OWMwLjg0IDAgMS41Mi0wLjY4MSAxLjUyLTEuNTIxdi0yOC45NTljMC0wLjg0LTAuNjgxLTEuNTIxLTEuNTItMS41MjF2MHoiIG9wYWNpdHk9IjEiIHZpc2liaWxpdHk9ImZhbHNlIiBmaWxsPSIjZDdkN2Q3Ij48L3BhdGg+Cgk8cGF0aCBkPSJNMTIuMjI4IDM1LjIyNHYtMy4zMjljMC0wLjE0NSAwLjA1OC0wLjI4NSAwLjE2LTAuMzg4bDUuNTg3LTUuNTg3YzAuMjE0LTAuMjE0IDAuNTYxLTAuMjE0IDAuNzc1IDBsMi4xMTkgMi4xMTljMC4yMTQgMC4yMTQgMC41NjEgMC4yMTQgMC43NzUgMGw4LjE5MS04LjE5MmMwLjIxNC0wLjIxNCAwLjU2MS0wLjIxNCAwLjc3NSAwbDUgNWMwLjEwMyAwLjEwMyAwLjE2IDAuMjQyIDAuMTYgMC4zODh2OS45ODhjMCAwLjMwMy0wLjI0NSAwLjU0OC0wLjU0OCAwLjU0OGgtMjIuNDQ3Yy0wLjMwMyAwLTAuNTQ4LTAuMjQ1LTAuNTQ4LTAuNTQ4eiIgb3BhY2l0eT0iMSIgdmlzaWJpbGl0eT0iZmFsc2UiIGZpbGw9IiNkN2Q3ZDciPjwvcGF0aD4KCTxwYXRoIGQ9Ik0yMS41NDQgMTcuOTY3YzAgMS45ODItMS42MDYgMy41ODgtMy41ODggMy41ODhzLTMuNTg4LTEuNjA2LTMuNTg4LTMuNTg4YzAtMS45ODEgMS42MDYtMy41ODggMy41ODgtMy41ODhzMy41ODggMS42MDYgMy41ODggMy41ODh6IiBvcGFjaXR5PSIxIiB2aXNpYmlsaXR5PSJmYWxzZSIgZmlsbD0iI2Q3ZDdkNyI+PC9wYXRoPgo8L3N2Zz4K" alt="Manischewitz Egg Noodles Wide" class="product-grid-image product-grid-cell_main-image"></div><div class="product-grid-cell_price-tag product-grid-cell_price-tag--full-tile"><div class="product-tile_detail"><div class="product-grid-cell_price-container product-grid-cell_price-container_column"><span role="link" class="product-grid-cell_main-price product-grid-cell_main-price--on-sale"> $2.00 </span><div class="product-grid-cell_was-container"><span class="product-grid-cell_regular-price product-grid-cell_regular-price--small"> $2.49 </span></div></div></div><div class="product-tile_detail-title"><div data-v-7b5b6b2c="" role="link" tabindex="0" class="product-grid-cell_name"><h3 data-v-7b5b6b2c="" aria-label="Manischewitz Egg Noodles Wide" class="product-grid-cell_name-text product-grid-cell_name-text--small"><!----> Manischewitz Egg Noodles Wide </h3></div><div role="link" class="product-grid-cell_sizes"><span class="product-grid-cell_size"> 12 OZ BAG </span><span aria-hidden="true"> | </span><!----><span class="product-grid-cell_unit"> $0.17 / OZ </span></div><!----></div><div class="product-grid-cell_promo-name"><!----><!----><!----><!----><!----></div><!----><div class="margin-top--one"><!----><div data-v-4e03913c="" class="pdl-add-to-cart"><div data-v-4e03913c="" class="pdl-add-to-cart_button"><button data-v-4e03913c="" aria-label="Add to Cart" data-product-id="8813" data-price="2" class="button button--add-to-cart"> Add to Cart <!----></button><!----></div><!----></div></div><!----></div></div><!----><!----><div class="product-tile_action-items"><!----><!----><div class="shopping-list-menu_container"><div><button aria-label="add to shopping list" class="button pdl-product-detail_top-icon button--fourth pdl-product-detail_top-icon--borderless"><!----><div class="vector-icon-size--large"><svg xmlns="http://www.w3.org/2000/svg" aria-label="Shopping List Icon Add" viewBox="0 0 32 32" role="presentation" aria-hidden="true" focusable="false" class="vector-icon-color--dark-grey"><title lang="en">Shopping List Icon Add</title><desc></desc><g fill="" stroke=""><path d="M21.94066,15.3368884 L21.94066,12.8931995 C21.94066,12.3409148 22.3883752,11.8931995 22.94066,11.8931995 C23.4929447,11.8931995 23.94066,12.3409148 23.94066,12.8931995 L23.94066,15.3368884 L26.2522624,15.3368884 C26.8045471,15.3368884 27.2522624,15.7846037 27.2522624,16.3368884 C27.2522624,16.8891732 26.8045471,17.3368884 26.2522624,17.3368884 L23.94066,17.3368884 L23.94066,19.8787952 C23.94066,20.43108 23.4929447,20.8787952 22.94066,20.8787952 C22.3883752,20.8787952 21.94066,20.43108 21.94066,19.8787952 L21.94066,17.3368884 L19.2666667,17.3368884 C18.7143819,17.3368884 18.2666667,16.8891732 18.2666667,16.3368884 C18.2666667,15.7846037 18.7143819,15.3368884 19.2666667,15.3368884 L21.94066,15.3368884 Z M8,12 C7.44771525,12 7,11.5522847 7,11 C7,10.4477153 7.44771525,10 8,10 L19.1153581,10 C19.6676429,10 20.1153581,10.4477153 20.1153581,11 C20.1153581,11.5522847 19.6676429,12 19.1153581,12 L8,12 Z M8,17.3368884 C7.44771525,17.3368884 7,16.8891732 7,16.3368884 C7,15.7846037 7.44771525,15.3368884 8,15.3368884 L14.7200696,15.3368884 C15.2723543,15.3368884 15.7200696,15.7846037 15.7200696,16.3368884 C15.7200696,16.8891732 15.2723543,17.3368884 14.7200696,17.3368884 L8,17.3368884 Z M8,23 C7.44771525,23 7,22.5522847 7,22 C7,21.4477153 7.44771525,21 8,21 L19.1153581,21 C19.6676429,21 20.1153581,21.4477153 20.1153581,22 C20.1153581,22.5522847 19.6676429,23 19.1153581,23 L8,23 Z" fill="#000000" fill-rule="nonzero"></path></g></svg></div><div class="pdl-product-detail_list-tooltip"><p>Add item to shopping list</p><i></i></div></button><!----></div></div></div><!----></li><!----><!----><!----><li id="product-76" tabindex="-1" data-product-id="90354" aria-label="Southern Comfort Traditional Egg Nog Non-Alcoholic" class="tile product-cell product-grid-cell"><!----><!----><!----><div class="product-tile_content"><div><!----><div class="flag_outer-container"><!----><!----><!----></div></div><!----><div><img src="./Search Results _ Giant_files/9VV4X.png" alt="Southern Comfort Traditional Egg Nog Non-Alcoholic" class="product-grid-image product-grid-cell_main-image"></div><div class="product-grid-cell_price-tag product-grid-cell_price-tag--full-tile"><div class="product-tile_detail"><div class="product-grid-cell_price-container"><span role="link" class="product-grid-cell_main-price"> $3.89 </span><!----></div></div><div class="product-tile_detail-title"><div data-v-7b5b6b2c="" role="link" tabindex="0" class="product-grid-cell_name"><h3 data-v-7b5b6b2c="" aria-label="Southern Comfort Traditional Egg Nog Non-Alcoholic" class="product-grid-cell_name-text product-grid-cell_name-text--small"><!----> Southern Comfort Traditional Egg Nog Non-Alcoholic </h3></div><div role="link" class="product-grid-cell_sizes"><span class="product-grid-cell_size"> 1 QUART </span><span aria-hidden="true"> | </span><!----><span class="product-grid-cell_unit"> $0.12 / OZ </span></div><!----></div><div class="product-grid-cell_promo-name"><!----><!----><!----><!----><!----></div><!----><div class="margin-top--one"><!----><div data-v-4e03913c="" class="pdl-add-to-cart"><div data-v-4e03913c="" class="pdl-add-to-cart_button"><button data-v-4e03913c="" aria-label="Add to Cart" data-product-id="90354" data-price="3.89" class="button button--add-to-cart"> Add to Cart <!----></button><!----></div><!----></div></div><!----></div></div><!----><!----><div class="product-tile_action-items"><!----><!----><div class="shopping-list-menu_container"><div><button aria-label="add to shopping list" class="button pdl-product-detail_top-icon button--fourth pdl-product-detail_top-icon--borderless"><!----><div class="vector-icon-size--large"><svg xmlns="http://www.w3.org/2000/svg" aria-label="Shopping List Icon Add" viewBox="0 0 32 32" role="presentation" aria-hidden="true" focusable="false" class="vector-icon-color--dark-grey"><title lang="en">Shopping List Icon Add</title><desc></desc><g fill="" stroke=""><path d="M21.94066,15.3368884 L21.94066,12.8931995 C21.94066,12.3409148 22.3883752,11.8931995 22.94066,11.8931995 C23.4929447,11.8931995 23.94066,12.3409148 23.94066,12.8931995 L23.94066,15.3368884 L26.2522624,15.3368884 C26.8045471,15.3368884 27.2522624,15.7846037 27.2522624,16.3368884 C27.2522624,16.8891732 26.8045471,17.3368884 26.2522624,17.3368884 L23.94066,17.3368884 L23.94066,19.8787952 C23.94066,20.43108 23.4929447,20.8787952 22.94066,20.8787952 C22.3883752,20.8787952 21.94066,20.43108 21.94066,19.8787952 L21.94066,17.3368884 L19.2666667,17.3368884 C18.7143819,17.3368884 18.2666667,16.8891732 18.2666667,16.3368884 C18.2666667,15.7846037 18.7143819,15.3368884 19.2666667,15.3368884 L21.94066,15.3368884 Z M8,12 C7.44771525,12 7,11.5522847 7,11 C7,10.4477153 7.44771525,10 8,10 L19.1153581,10 C19.6676429,10 20.1153581,10.4477153 20.1153581,11 C20.1153581,11.5522847 19.6676429,12 19.1153581,12 L8,12 Z M8,17.3368884 C7.44771525,17.3368884 7,16.8891732 7,16.3368884 C7,15.7846037 7.44771525,15.3368884 8,15.3368884 L14.7200696,15.3368884 C15.2723543,15.3368884 15.7200696,15.7846037 15.7200696,16.3368884 C15.7200696,16.8891732 15.2723543,17.3368884 14.7200696,17.3368884 L8,17.3368884 Z M8,23 C7.44771525,23 7,22.5522847 7,22 C7,21.4477153 7.44771525,21 8,21 L19.1153581,21 C19.6676429,21 20.1153581,21.4477153 20.1153581,22 C20.1153581,22.5522847 19.6676429,23 19.1153581,23 L8,23 Z" fill="#000000" fill-rule="nonzero"></path></g></svg></div><div class="pdl-product-detail_list-tooltip"><p>Add item to shopping list</p><i></i></div></button><!----></div></div></div><!----></li><!----><!----><!----><li id="product-77" tabindex="-1" data-product-id="226168" aria-label="Jimmy Dean Croissant Sandwiches Sausage, Egg &amp; Cheese - 12 ct" class="tile product-cell product-grid-cell"><!----><!----><!----><div class="product-tile_content"><div><!----><div class="flag_outer-container"><!----><!----><!----></div></div><!----><div><img src="./Search Results _ Giant_files/XEVDC.jpg" alt="Jimmy Dean Croissant Sandwiches Sausage, Egg &amp; Cheese - 12 ct" class="product-grid-image product-grid-cell_main-image"></div><div class="product-grid-cell_price-tag product-grid-cell_price-tag--full-tile"><div class="product-tile_detail"><div class="product-grid-cell_price-container"><span role="link" class="product-grid-cell_main-price"> $13.49 </span><!----></div></div><div class="product-tile_detail-title"><div data-v-7b5b6b2c="" role="link" tabindex="0" class="product-grid-cell_name"><h3 data-v-7b5b6b2c="" aria-label="Jimmy Dean Croissant Sandwiches Sausage, Egg &amp; Cheese - 12 ct" class="product-grid-cell_name-text product-grid-cell_name-text--small"><!----> Jimmy Dean Croissant Sandwiches Sausage, Egg &amp; Cheese - 12 ct </h3></div><div role="link" class="product-grid-cell_sizes"><span class="product-grid-cell_size"> 54 OZ PKG </span><span aria-hidden="true"> | </span><!----><span class="product-grid-cell_unit"> $0.25 / OZ </span></div><!----></div><div class="product-grid-cell_promo-name"><!----><!----><!----><!----><!----></div><!----><div class="margin-top--one"><!----><div data-v-4e03913c="" class="pdl-add-to-cart"><div data-v-4e03913c="" class="pdl-add-to-cart_button"><button data-v-4e03913c="" aria-label="Add to Cart" data-product-id="226168" data-price="13.49" class="button button--add-to-cart"> Add to Cart <!----></button><!----></div><!----></div></div><!----></div></div><!----><!----><div class="product-tile_action-items"><!----><!----><div class="shopping-list-menu_container"><div><button aria-label="add to shopping list" class="button pdl-product-detail_top-icon button--fourth pdl-product-detail_top-icon--borderless"><!----><div class="vector-icon-size--large"><svg xmlns="http://www.w3.org/2000/svg" aria-label="Shopping List Icon Add" viewBox="0 0 32 32" role="presentation" aria-hidden="true" focusable="false" class="vector-icon-color--dark-grey"><title lang="en">Shopping List Icon Add</title><desc></desc><g fill="" stroke=""><path d="M21.94066,15.3368884 L21.94066,12.8931995 C21.94066,12.3409148 22.3883752,11.8931995 22.94066,11.8931995 C23.4929447,11.8931995 23.94066,12.3409148 23.94066,12.8931995 L23.94066,15.3368884 L26.2522624,15.3368884 C26.8045471,15.3368884 27.2522624,15.7846037 27.2522624,16.3368884 C27.2522624,16.8891732 26.8045471,17.3368884 26.2522624,17.3368884 L23.94066,17.3368884 L23.94066,19.8787952 C23.94066,20.43108 23.4929447,20.8787952 22.94066,20.8787952 C22.3883752,20.8787952 21.94066,20.43108 21.94066,19.8787952 L21.94066,17.3368884 L19.2666667,17.3368884 C18.7143819,17.3368884 18.2666667,16.8891732 18.2666667,16.3368884 C18.2666667,15.7846037 18.7143819,15.3368884 19.2666667,15.3368884 L21.94066,15.3368884 Z M8,12 C7.44771525,12 7,11.5522847 7,11 C7,10.4477153 7.44771525,10 8,10 L19.1153581,10 C19.6676429,10 20.1153581,10.4477153 20.1153581,11 C20.1153581,11.5522847 19.6676429,12 19.1153581,12 L8,12 Z M8,17.3368884 C7.44771525,17.3368884 7,16.8891732 7,16.3368884 C7,15.7846037 7.44771525,15.3368884 8,15.3368884 L14.7200696,15.3368884 C15.2723543,15.3368884 15.7200696,15.7846037 15.7200696,16.3368884 C15.7200696,16.8891732 15.2723543,17.3368884 14.7200696,17.3368884 L8,17.3368884 Z M8,23 C7.44771525,23 7,22.5522847 7,22 C7,21.4477153 7.44771525,21 8,21 L19.1153581,21 C19.6676429,21 20.1153581,21.4477153 20.1153581,22 C20.1153581,22.5522847 19.6676429,23 19.1153581,23 L8,23 Z" fill="#000000" fill-rule="nonzero"></path></g></svg></div><div class="pdl-product-detail_list-tooltip"><p>Add item to shopping list</p><i></i></div></button><!----></div></div></div><!----></li><!----><!----><!----><li id="product-78" tabindex="-1" data-product-id="197319" aria-label="Blue Dragon Vietnamese Spring Roll Wrappers" class="tile product-cell product-grid-cell"><!----><!----><!----><div class="product-tile_content"><div><!----><div class="flag_outer-container"><!----><!----><!----></div></div><!----><div><img src="./Search Results _ Giant_files/PQ9RK.jpg" alt="Blue Dragon Vietnamese Spring Roll Wrappers" class="product-grid-image product-grid-cell_main-image"></div><div class="product-grid-cell_price-tag product-grid-cell_price-tag--full-tile"><div class="product-tile_detail"><div class="product-grid-cell_price-container"><span role="link" class="product-grid-cell_main-price"> $2.89 </span><!----></div></div><div class="product-tile_detail-title"><div data-v-7b5b6b2c="" role="link" tabindex="0" class="product-grid-cell_name"><h3 data-v-7b5b6b2c="" aria-label="Blue Dragon Vietnamese Spring Roll Wrappers" class="product-grid-cell_name-text product-grid-cell_name-text--small"><!----> Blue Dragon Vietnamese Spring Roll Wrappers </h3></div><div role="link" class="product-grid-cell_sizes"><span class="product-grid-cell_size"> 4.7 OZ PKG </span><span aria-hidden="true"> | </span><!----><span class="product-grid-cell_unit"> $0.61 / OZ </span></div><!----></div><div class="product-grid-cell_promo-name"><!----><!----><!----><!----><!----></div><!----><div class="margin-top--one"><!----><div data-v-4e03913c="" class="pdl-add-to-cart"><div data-v-4e03913c="" class="pdl-add-to-cart_button"><button data-v-4e03913c="" aria-label="Add to Cart" data-product-id="197319" data-price="2.89" class="button button--add-to-cart"> Add to Cart <!----></button><!----></div><!----></div></div><!----></div></div><!----><!----><div class="product-tile_action-items"><!----><!----><div class="shopping-list-menu_container"><div><button aria-label="add to shopping list" class="button pdl-product-detail_top-icon button--fourth pdl-product-detail_top-icon--borderless"><!----><div class="vector-icon-size--large"><svg xmlns="http://www.w3.org/2000/svg" aria-label="Shopping List Icon Add" viewBox="0 0 32 32" role="presentation" aria-hidden="true" focusable="false" class="vector-icon-color--dark-grey"><title lang="en">Shopping List Icon Add</title><desc></desc><g fill="" stroke=""><path d="M21.94066,15.3368884 L21.94066,12.8931995 C21.94066,12.3409148 22.3883752,11.8931995 22.94066,11.8931995 C23.4929447,11.8931995 23.94066,12.3409148 23.94066,12.8931995 L23.94066,15.3368884 L26.2522624,15.3368884 C26.8045471,15.3368884 27.2522624,15.7846037 27.2522624,16.3368884 C27.2522624,16.8891732 26.8045471,17.3368884 26.2522624,17.3368884 L23.94066,17.3368884 L23.94066,19.8787952 C23.94066,20.43108 23.4929447,20.8787952 22.94066,20.8787952 C22.3883752,20.8787952 21.94066,20.43108 21.94066,19.8787952 L21.94066,17.3368884 L19.2666667,17.3368884 C18.7143819,17.3368884 18.2666667,16.8891732 18.2666667,16.3368884 C18.2666667,15.7846037 18.7143819,15.3368884 19.2666667,15.3368884 L21.94066,15.3368884 Z M8,12 C7.44771525,12 7,11.5522847 7,11 C7,10.4477153 7.44771525,10 8,10 L19.1153581,10 C19.6676429,10 20.1153581,10.4477153 20.1153581,11 C20.1153581,11.5522847 19.6676429,12 19.1153581,12 L8,12 Z M8,17.3368884 C7.44771525,17.3368884 7,16.8891732 7,16.3368884 C7,15.7846037 7.44771525,15.3368884 8,15.3368884 L14.7200696,15.3368884 C15.2723543,15.3368884 15.7200696,15.7846037 15.7200696,16.3368884 C15.7200696,16.8891732 15.2723543,17.3368884 14.7200696,17.3368884 L8,17.3368884 Z M8,23 C7.44771525,23 7,22.5522847 7,22 C7,21.4477153 7.44771525,21 8,21 L19.1153581,21 C19.6676429,21 20.1153581,21.4477153 20.1153581,22 C20.1153581,22.5522847 19.6676429,23 19.1153581,23 L8,23 Z" fill="#000000" fill-rule="nonzero"></path></g></svg></div><div class="pdl-product-detail_list-tooltip"><p>Add item to shopping list</p><i></i></div></button><!----></div></div></div><!----></li><!----><!----><!----><li id="product-79" tabindex="-1" data-product-id="206657" aria-label="MorningStar Farms Breakfast Veggie Sandwiches Sausage, Egg &amp; Cheese - 4 ct" class="tile product-cell product-grid-cell"><!----><!----><!----><div class="product-tile_content"><div><!----><div class="flag_outer-container"><!----><!----><!----></div></div><!----><div><img src="./Search Results _ Giant_files/N03O8.jpg" alt="MorningStar Farms Breakfast Veggie Sandwiches Sausage, Egg &amp; Cheese - 4 ct" class="product-grid-image product-grid-cell_main-image"></div><div class="product-grid-cell_price-tag product-grid-cell_price-tag--full-tile"><div class="product-tile_detail"><div class="product-grid-cell_price-container"><span role="link" class="product-grid-cell_main-price"> $6.69 </span><!----></div></div><div class="product-tile_detail-title"><div data-v-7b5b6b2c="" role="link" tabindex="0" class="product-grid-cell_name"><h3 data-v-7b5b6b2c="" aria-label="MorningStar Farms Breakfast Veggie Sandwiches Sausage, Egg &amp; Cheese - 4 ct" class="product-grid-cell_name-text product-grid-cell_name-text--small"><!----> MorningStar Farms Breakfast Veggie Sandwiches Sausage, Egg &amp; Cheese - 4 ct </h3></div><div role="link" class="product-grid-cell_sizes"><span class="product-grid-cell_size"> 14.8 OZ BOX </span><span aria-hidden="true"> | </span><!----><span class="product-grid-cell_unit"> $0.45 / OZ </span></div><!----></div><div class="product-grid-cell_promo-name"><!----><!----><!----><!----><!----></div><!----><div class="margin-top--one"><!----><div data-v-4e03913c="" class="pdl-add-to-cart"><div data-v-4e03913c="" class="pdl-add-to-cart_button"><button data-v-4e03913c="" aria-label="Add to Cart" data-product-id="206657" data-price="6.69" class="button button--add-to-cart"> Add to Cart <!----></button><!----></div><!----></div></div><!----></div></div><!----><!----><div class="product-tile_action-items"><!----><!----><div class="shopping-list-menu_container"><div><button aria-label="add to shopping list" class="button pdl-product-detail_top-icon button--fourth pdl-product-detail_top-icon--borderless"><!----><div class="vector-icon-size--large"><svg xmlns="http://www.w3.org/2000/svg" aria-label="Shopping List Icon Add" viewBox="0 0 32 32" role="presentation" aria-hidden="true" focusable="false" class="vector-icon-color--dark-grey"><title lang="en">Shopping List Icon Add</title><desc></desc><g fill="" stroke=""><path d="M21.94066,15.3368884 L21.94066,12.8931995 C21.94066,12.3409148 22.3883752,11.8931995 22.94066,11.8931995 C23.4929447,11.8931995 23.94066,12.3409148 23.94066,12.8931995 L23.94066,15.3368884 L26.2522624,15.3368884 C26.8045471,15.3368884 27.2522624,15.7846037 27.2522624,16.3368884 C27.2522624,16.8891732 26.8045471,17.3368884 26.2522624,17.3368884 L23.94066,17.3368884 L23.94066,19.8787952 C23.94066,20.43108 23.4929447,20.8787952 22.94066,20.8787952 C22.3883752,20.8787952 21.94066,20.43108 21.94066,19.8787952 L21.94066,17.3368884 L19.2666667,17.3368884 C18.7143819,17.3368884 18.2666667,16.8891732 18.2666667,16.3368884 C18.2666667,15.7846037 18.7143819,15.3368884 19.2666667,15.3368884 L21.94066,15.3368884 Z M8,12 C7.44771525,12 7,11.5522847 7,11 C7,10.4477153 7.44771525,10 8,10 L19.1153581,10 C19.6676429,10 20.1153581,10.4477153 20.1153581,11 C20.1153581,11.5522847 19.6676429,12 19.1153581,12 L8,12 Z M8,17.3368884 C7.44771525,17.3368884 7,16.8891732 7,16.3368884 C7,15.7846037 7.44771525,15.3368884 8,15.3368884 L14.7200696,15.3368884 C15.2723543,15.3368884 15.7200696,15.7846037 15.7200696,16.3368884 C15.7200696,16.8891732 15.2723543,17.3368884 14.7200696,17.3368884 L8,17.3368884 Z M8,23 C7.44771525,23 7,22.5522847 7,22 C7,21.4477153 7.44771525,21 8,21 L19.1153581,21 C19.6676429,21 20.1153581,21.4477153 20.1153581,22 C20.1153581,22.5522847 19.6676429,23 19.1153581,23 L8,23 Z" fill="#000000" fill-rule="nonzero"></path></g></svg></div><div class="pdl-product-detail_list-tooltip"><p>Add item to shopping list</p><i></i></div></button><!----></div></div></div><!----></li><!----><!----><!----><li id="product-80" tabindex="-1" data-product-id="3997" aria-label="Libby&#39;s Pumpkin Pie Mix Easy Gluten Free Just Add Milk And Eggs" class="tile product-cell product-grid-cell"><!----><!----><!----><div class="product-tile_content"><div><!----><div class="flag_outer-container"><span class="flag_label flag_label--tomato"> Sale </span><!----><!----></div></div><!----><div><img src="./Search Results _ Giant_files/IHAP6.jpg" alt="Libby&#39;s Pumpkin Pie Mix Easy Gluten Free Just Add Milk And Eggs" class="product-grid-image product-grid-cell_main-image"></div><div class="product-grid-cell_price-tag product-grid-cell_price-tag--full-tile"><div class="product-tile_detail"><div class="product-grid-cell_price-container product-grid-cell_price-container_column"><span role="link" class="product-grid-cell_main-price product-grid-cell_main-price--on-sale"> $3.00 </span><div class="product-grid-cell_was-container"><span class="product-grid-cell_regular-price product-grid-cell_regular-price--small"> $3.99 </span></div></div></div><div class="product-tile_detail-title"><div data-v-7b5b6b2c="" role="link" tabindex="0" class="product-grid-cell_name"><h3 data-v-7b5b6b2c="" aria-label="Libby&#39;s Pumpkin Pie Mix Easy Gluten Free Just Add Milk And Eggs" class="product-grid-cell_name-text product-grid-cell_name-text--small"><!----> Libby's Pumpkin Pie Mix Easy Gluten Free Just Add Milk And Eggs </h3></div><div role="link" class="product-grid-cell_sizes"><span class="product-grid-cell_size"> 30 OZ CAN </span><span aria-hidden="true"> | </span><!----><span class="product-grid-cell_unit"> $0.10 / OZ </span></div><!----></div><div class="product-grid-cell_promo-name"><!----><!----><!----><!----><!----></div><!----><div class="margin-top--one"><!----><div data-v-4e03913c="" class="pdl-add-to-cart"><div data-v-4e03913c="" class="pdl-add-to-cart_button"><button data-v-4e03913c="" aria-label="Add to Cart" data-product-id="3997" data-price="3" class="button button--add-to-cart"> Add to Cart <!----></button><!----></div><!----></div></div><!----></div></div><!----><!----><div class="product-tile_action-items"><!----><!----><div class="shopping-list-menu_container"><div><button aria-label="add to shopping list" class="button pdl-product-detail_top-icon button--fourth pdl-product-detail_top-icon--borderless"><!----><div class="vector-icon-size--large"><svg xmlns="http://www.w3.org/2000/svg" aria-label="Shopping List Icon Add" viewBox="0 0 32 32" role="presentation" aria-hidden="true" focusable="false" class="vector-icon-color--dark-grey"><title lang="en">Shopping List Icon Add</title><desc></desc><g fill="" stroke=""><path d="M21.94066,15.3368884 L21.94066,12.8931995 C21.94066,12.3409148 22.3883752,11.8931995 22.94066,11.8931995 C23.4929447,11.8931995 23.94066,12.3409148 23.94066,12.8931995 L23.94066,15.3368884 L26.2522624,15.3368884 C26.8045471,15.3368884 27.2522624,15.7846037 27.2522624,16.3368884 C27.2522624,16.8891732 26.8045471,17.3368884 26.2522624,17.3368884 L23.94066,17.3368884 L23.94066,19.8787952 C23.94066,20.43108 23.4929447,20.8787952 22.94066,20.8787952 C22.3883752,20.8787952 21.94066,20.43108 21.94066,19.8787952 L21.94066,17.3368884 L19.2666667,17.3368884 C18.7143819,17.3368884 18.2666667,16.8891732 18.2666667,16.3368884 C18.2666667,15.7846037 18.7143819,15.3368884 19.2666667,15.3368884 L21.94066,15.3368884 Z M8,12 C7.44771525,12 7,11.5522847 7,11 C7,10.4477153 7.44771525,10 8,10 L19.1153581,10 C19.6676429,10 20.1153581,10.4477153 20.1153581,11 C20.1153581,11.5522847 19.6676429,12 19.1153581,12 L8,12 Z M8,17.3368884 C7.44771525,17.3368884 7,16.8891732 7,16.3368884 C7,15.7846037 7.44771525,15.3368884 8,15.3368884 L14.7200696,15.3368884 C15.2723543,15.3368884 15.7200696,15.7846037 15.7200696,16.3368884 C15.7200696,16.8891732 15.2723543,17.3368884 14.7200696,17.3368884 L8,17.3368884 Z M8,23 C7.44771525,23 7,22.5522847 7,22 C7,21.4477153 7.44771525,21 8,21 L19.1153581,21 C19.6676429,21 20.1153581,21.4477153 20.1153581,22 C20.1153581,22.5522847 19.6676429,23 19.1153581,23 L8,23 Z" fill="#000000" fill-rule="nonzero"></path></g></svg></div><div class="pdl-product-detail_list-tooltip"><p>Add item to shopping list</p><i></i></div></button><!----></div></div></div><!----></li><!----><!----><!----><li id="product-81" tabindex="-1" data-product-id="111841" aria-label="Manischewitz Noodle Style Pasta Yolk Free Wide" class="tile product-cell product-grid-cell"><!----><!----><!----><div class="product-tile_content"><div><!----><div class="flag_outer-container"><span class="flag_label flag_label--tomato"> Sale </span><!----><!----></div></div><!----><div><img src="./Search Results _ Giant_files/PPJOV.jpg" alt="Manischewitz Noodle Style Pasta Yolk Free Wide" class="product-grid-image product-grid-cell_main-image"></div><div class="product-grid-cell_price-tag product-grid-cell_price-tag--full-tile"><div class="product-tile_detail"><div class="product-grid-cell_price-container product-grid-cell_price-container_column"><span role="link" class="product-grid-cell_main-price product-grid-cell_main-price--on-sale"> $2.00 </span><div class="product-grid-cell_was-container"><span class="product-grid-cell_regular-price product-grid-cell_regular-price--small"> $2.49 </span></div></div></div><div class="product-tile_detail-title"><div data-v-7b5b6b2c="" role="link" tabindex="0" class="product-grid-cell_name"><h3 data-v-7b5b6b2c="" aria-label="Manischewitz Noodle Style Pasta Yolk Free Wide" class="product-grid-cell_name-text product-grid-cell_name-text--small"><!----> Manischewitz Noodle Style Pasta Yolk Free Wide </h3></div><div role="link" class="product-grid-cell_sizes"><span class="product-grid-cell_size"> 12 OZ BAG </span><span aria-hidden="true"> | </span><!----><span class="product-grid-cell_unit"> $0.17 / OZ </span></div><!----></div><div class="product-grid-cell_promo-name"><!----><!----><!----><!----><!----></div><!----><div class="margin-top--one"><!----><div data-v-4e03913c="" class="pdl-add-to-cart"><div data-v-4e03913c="" class="pdl-add-to-cart_button"><button data-v-4e03913c="" aria-label="Add to Cart" data-product-id="111841" data-price="2" class="button button--add-to-cart"> Add to Cart <!----></button><!----></div><!----></div></div><!----></div></div><!----><!----><div class="product-tile_action-items"><!----><!----><div class="shopping-list-menu_container"><div><button aria-label="add to shopping list" class="button pdl-product-detail_top-icon button--fourth pdl-product-detail_top-icon--borderless"><!----><div class="vector-icon-size--large"><svg xmlns="http://www.w3.org/2000/svg" aria-label="Shopping List Icon Add" viewBox="0 0 32 32" role="presentation" aria-hidden="true" focusable="false" class="vector-icon-color--dark-grey"><title lang="en">Shopping List Icon Add</title><desc></desc><g fill="" stroke=""><path d="M21.94066,15.3368884 L21.94066,12.8931995 C21.94066,12.3409148 22.3883752,11.8931995 22.94066,11.8931995 C23.4929447,11.8931995 23.94066,12.3409148 23.94066,12.8931995 L23.94066,15.3368884 L26.2522624,15.3368884 C26.8045471,15.3368884 27.2522624,15.7846037 27.2522624,16.3368884 C27.2522624,16.8891732 26.8045471,17.3368884 26.2522624,17.3368884 L23.94066,17.3368884 L23.94066,19.8787952 C23.94066,20.43108 23.4929447,20.8787952 22.94066,20.8787952 C22.3883752,20.8787952 21.94066,20.43108 21.94066,19.8787952 L21.94066,17.3368884 L19.2666667,17.3368884 C18.7143819,17.3368884 18.2666667,16.8891732 18.2666667,16.3368884 C18.2666667,15.7846037 18.7143819,15.3368884 19.2666667,15.3368884 L21.94066,15.3368884 Z M8,12 C7.44771525,12 7,11.5522847 7,11 C7,10.4477153 7.44771525,10 8,10 L19.1153581,10 C19.6676429,10 20.1153581,10.4477153 20.1153581,11 C20.1153581,11.5522847 19.6676429,12 19.1153581,12 L8,12 Z M8,17.3368884 C7.44771525,17.3368884 7,16.8891732 7,16.3368884 C7,15.7846037 7.44771525,15.3368884 8,15.3368884 L14.7200696,15.3368884 C15.2723543,15.3368884 15.7200696,15.7846037 15.7200696,16.3368884 C15.7200696,16.8891732 15.2723543,17.3368884 14.7200696,17.3368884 L8,17.3368884 Z M8,23 C7.44771525,23 7,22.5522847 7,22 C7,21.4477153 7.44771525,21 8,21 L19.1153581,21 C19.6676429,21 20.1153581,21.4477153 20.1153581,22 C20.1153581,22.5522847 19.6676429,23 19.1153581,23 L8,23 Z" fill="#000000" fill-rule="nonzero"></path></g></svg></div><div class="pdl-product-detail_list-tooltip"><p>Add item to shopping list</p><i></i></div></button><!----></div></div></div><!----></li><!----><!----><!----><li id="product-82" tabindex="-1" data-product-id="127332" aria-label="Hot Pockets Applewood Bacon Egg &amp; Cheese with Croissant Crust - 2 ct" class="tile product-cell product-grid-cell"><!----><!----><!----><div class="product-tile_content"><div><!----><div class="flag_outer-container"><!----><!----><!----></div></div><!----><div><img src="./Search Results _ Giant_files/46G39.png" alt="Hot Pockets Applewood Bacon Egg &amp; Cheese with Croissant Crust - 2 ct" class="product-grid-image product-grid-cell_main-image"></div><div class="product-grid-cell_price-tag product-grid-cell_price-tag--full-tile"><div class="product-tile_detail"><div class="product-grid-cell_price-container"><span role="link" class="product-grid-cell_main-price"> $2.49 </span><!----></div></div><div class="product-tile_detail-title"><div data-v-7b5b6b2c="" role="link" tabindex="0" class="product-grid-cell_name"><h3 data-v-7b5b6b2c="" aria-label="Hot Pockets Applewood Bacon Egg &amp; Cheese with Croissant Crust - 2 ct" class="product-grid-cell_name-text product-grid-cell_name-text--small"><!----> Hot Pockets Applewood Bacon Egg &amp; Cheese with Croissant Crust - 2 ct </h3></div><div role="link" class="product-grid-cell_sizes"><span class="product-grid-cell_size"> 8.5 OZ BOX </span><span aria-hidden="true"> | </span><!----><span class="product-grid-cell_unit"> $0.29 / OZ </span></div><!----></div><div class="product-grid-cell_promo-name"><!----><!----><!----><!----><!----></div><!----><div class="margin-top--one"><div class="pdl-add-to-cart"><button class="button button--disabled out-of-stock_text"> Out of Stock </button><!----></div><!----></div><!----></div></div><!----><!----><div class="product-tile_action-items"><!----><!----><div class="shopping-list-menu_container"><div><button aria-label="add to shopping list" class="button pdl-product-detail_top-icon button--fourth pdl-product-detail_top-icon--borderless"><!----><div class="vector-icon-size--large"><svg xmlns="http://www.w3.org/2000/svg" aria-label="Shopping List Icon Add" viewBox="0 0 32 32" role="presentation" aria-hidden="true" focusable="false" class="vector-icon-color--dark-grey"><title lang="en">Shopping List Icon Add</title><desc></desc><g fill="" stroke=""><path d="M21.94066,15.3368884 L21.94066,12.8931995 C21.94066,12.3409148 22.3883752,11.8931995 22.94066,11.8931995 C23.4929447,11.8931995 23.94066,12.3409148 23.94066,12.8931995 L23.94066,15.3368884 L26.2522624,15.3368884 C26.8045471,15.3368884 27.2522624,15.7846037 27.2522624,16.3368884 C27.2522624,16.8891732 26.8045471,17.3368884 26.2522624,17.3368884 L23.94066,17.3368884 L23.94066,19.8787952 C23.94066,20.43108 23.4929447,20.8787952 22.94066,20.8787952 C22.3883752,20.8787952 21.94066,20.43108 21.94066,19.8787952 L21.94066,17.3368884 L19.2666667,17.3368884 C18.7143819,17.3368884 18.2666667,16.8891732 18.2666667,16.3368884 C18.2666667,15.7846037 18.7143819,15.3368884 19.2666667,15.3368884 L21.94066,15.3368884 Z M8,12 C7.44771525,12 7,11.5522847 7,11 C7,10.4477153 7.44771525,10 8,10 L19.1153581,10 C19.6676429,10 20.1153581,10.4477153 20.1153581,11 C20.1153581,11.5522847 19.6676429,12 19.1153581,12 L8,12 Z M8,17.3368884 C7.44771525,17.3368884 7,16.8891732 7,16.3368884 C7,15.7846037 7.44771525,15.3368884 8,15.3368884 L14.7200696,15.3368884 C15.2723543,15.3368884 15.7200696,15.7846037 15.7200696,16.3368884 C15.7200696,16.8891732 15.2723543,17.3368884 14.7200696,17.3368884 L8,17.3368884 Z M8,23 C7.44771525,23 7,22.5522847 7,22 C7,21.4477153 7.44771525,21 8,21 L19.1153581,21 C19.6676429,21 20.1153581,21.4477153 20.1153581,22 C20.1153581,22.5522847 19.6676429,23 19.1153581,23 L8,23 Z" fill="#000000" fill-rule="nonzero"></path></g></svg></div><div class="pdl-product-detail_list-tooltip"><p>Add item to shopping list</p><i></i></div></button><!----></div></div></div><!----></li><!----><!----><!----><li id="product-83" tabindex="-1" data-product-id="147228" aria-label="Silk Nog Soy Nog Dairy Free" class="tile product-cell product-grid-cell"><!----><!----><!----><div class="product-tile_content"><div><!----><div class="flag_outer-container"><!----><!----><!----></div></div><!----><div><img src="./Search Results _ Giant_files/L7KJF.jpg" alt="Silk Nog Soy Nog Dairy Free" class="product-grid-image product-grid-cell_main-image"></div><div class="product-grid-cell_price-tag product-grid-cell_price-tag--full-tile"><div class="product-tile_detail"><div class="product-grid-cell_price-container"><span role="link" class="product-grid-cell_main-price"> $2.99 </span><!----></div></div><div class="product-tile_detail-title"><div data-v-7b5b6b2c="" role="link" tabindex="0" class="product-grid-cell_name"><h3 data-v-7b5b6b2c="" aria-label="Silk Nog Soy Nog Dairy Free" class="product-grid-cell_name-text product-grid-cell_name-text--small"><!----> Silk Nog Soy Nog Dairy Free </h3></div><div role="link" class="product-grid-cell_sizes"><span class="product-grid-cell_size"> 1 QUART </span><span aria-hidden="true"> | </span><!----><span class="product-grid-cell_unit"> $0.09 / OZ </span></div><!----></div><div class="product-grid-cell_promo-name"><!----><!----><!----><!----><!----></div><!----><div class="margin-top--one"><!----><div data-v-4e03913c="" class="pdl-add-to-cart"><div data-v-4e03913c="" class="pdl-add-to-cart_button"><button data-v-4e03913c="" aria-label="Add to Cart" data-product-id="147228" data-price="2.99" class="button button--add-to-cart"> Add to Cart <!----></button><!----></div><!----></div></div><!----></div></div><!----><!----><div class="product-tile_action-items"><!----><!----><div class="shopping-list-menu_container"><div><button aria-label="add to shopping list" class="button pdl-product-detail_top-icon button--fourth pdl-product-detail_top-icon--borderless"><!----><div class="vector-icon-size--large"><svg xmlns="http://www.w3.org/2000/svg" aria-label="Shopping List Icon Add" viewBox="0 0 32 32" role="presentation" aria-hidden="true" focusable="false" class="vector-icon-color--dark-grey"><title lang="en">Shopping List Icon Add</title><desc></desc><g fill="" stroke=""><path d="M21.94066,15.3368884 L21.94066,12.8931995 C21.94066,12.3409148 22.3883752,11.8931995 22.94066,11.8931995 C23.4929447,11.8931995 23.94066,12.3409148 23.94066,12.8931995 L23.94066,15.3368884 L26.2522624,15.3368884 C26.8045471,15.3368884 27.2522624,15.7846037 27.2522624,16.3368884 C27.2522624,16.8891732 26.8045471,17.3368884 26.2522624,17.3368884 L23.94066,17.3368884 L23.94066,19.8787952 C23.94066,20.43108 23.4929447,20.8787952 22.94066,20.8787952 C22.3883752,20.8787952 21.94066,20.43108 21.94066,19.8787952 L21.94066,17.3368884 L19.2666667,17.3368884 C18.7143819,17.3368884 18.2666667,16.8891732 18.2666667,16.3368884 C18.2666667,15.7846037 18.7143819,15.3368884 19.2666667,15.3368884 L21.94066,15.3368884 Z M8,12 C7.44771525,12 7,11.5522847 7,11 C7,10.4477153 7.44771525,10 8,10 L19.1153581,10 C19.6676429,10 20.1153581,10.4477153 20.1153581,11 C20.1153581,11.5522847 19.6676429,12 19.1153581,12 L8,12 Z M8,17.3368884 C7.44771525,17.3368884 7,16.8891732 7,16.3368884 C7,15.7846037 7.44771525,15.3368884 8,15.3368884 L14.7200696,15.3368884 C15.2723543,15.3368884 15.7200696,15.7846037 15.7200696,16.3368884 C15.7200696,16.8891732 15.2723543,17.3368884 14.7200696,17.3368884 L8,17.3368884 Z M8,23 C7.44771525,23 7,22.5522847 7,22 C7,21.4477153 7.44771525,21 8,21 L19.1153581,21 C19.6676429,21 20.1153581,21.4477153 20.1153581,22 C20.1153581,22.5522847 19.6676429,23 19.1153581,23 L8,23 Z" fill="#000000" fill-rule="nonzero"></path></g></svg></div><div class="pdl-product-detail_list-tooltip"><p>Add item to shopping list</p><i></i></div></button><!----></div></div></div><!----></li><!----><!----><!----><li id="product-84" tabindex="-1" data-product-id="153133" aria-label="Jimmy Dean Breakfast Bowl Sausage, Eggs, Potatoes &amp; Cheddar Cheese" class="tile product-cell product-grid-cell"><!----><!----><!----><div class="product-tile_content"><div><!----><div class="flag_outer-container"><!----><!----><!----></div></div><!----><div><img src="./Search Results _ Giant_files/U3O84.png" alt="Jimmy Dean Breakfast Bowl Sausage, Eggs, Potatoes &amp; Cheddar Cheese" class="product-grid-image product-grid-cell_main-image"></div><div class="product-grid-cell_price-tag product-grid-cell_price-tag--full-tile"><div class="product-tile_detail"><div class="product-grid-cell_price-container"><span role="link" class="product-grid-cell_main-price"> $3.59 </span><!----></div></div><div class="product-tile_detail-title"><div data-v-7b5b6b2c="" role="link" tabindex="0" class="product-grid-cell_name"><h3 data-v-7b5b6b2c="" aria-label="Jimmy Dean Breakfast Bowl Sausage, Eggs, Potatoes &amp; Cheddar Cheese" class="product-grid-cell_name-text product-grid-cell_name-text--small"><!----> Jimmy Dean Breakfast Bowl Sausage, Eggs, Potatoes &amp; Cheddar Cheese </h3></div><div role="link" class="product-grid-cell_sizes"><span class="product-grid-cell_size"> 7 OZ BOWL </span><span aria-hidden="true"> | </span><!----><span class="product-grid-cell_unit"> $0.51 / OZ </span></div><!----></div><div class="product-grid-cell_promo-name"><!----><!----><!----><!----><!----></div><!----><div class="margin-top--one"><!----><div data-v-4e03913c="" class="pdl-add-to-cart"><div data-v-4e03913c="" class="pdl-add-to-cart_button"><button data-v-4e03913c="" aria-label="Add to Cart" data-product-id="153133" data-price="3.59" class="button button--add-to-cart"> Add to Cart <!----></button><!----></div><!----></div></div><!----></div></div><!----><!----><div class="product-tile_action-items"><!----><!----><div class="shopping-list-menu_container"><div><button aria-label="add to shopping list" class="button pdl-product-detail_top-icon button--fourth pdl-product-detail_top-icon--borderless"><!----><div class="vector-icon-size--large"><svg xmlns="http://www.w3.org/2000/svg" aria-label="Shopping List Icon Add" viewBox="0 0 32 32" role="presentation" aria-hidden="true" focusable="false" class="vector-icon-color--dark-grey"><title lang="en">Shopping List Icon Add</title><desc></desc><g fill="" stroke=""><path d="M21.94066,15.3368884 L21.94066,12.8931995 C21.94066,12.3409148 22.3883752,11.8931995 22.94066,11.8931995 C23.4929447,11.8931995 23.94066,12.3409148 23.94066,12.8931995 L23.94066,15.3368884 L26.2522624,15.3368884 C26.8045471,15.3368884 27.2522624,15.7846037 27.2522624,16.3368884 C27.2522624,16.8891732 26.8045471,17.3368884 26.2522624,17.3368884 L23.94066,17.3368884 L23.94066,19.8787952 C23.94066,20.43108 23.4929447,20.8787952 22.94066,20.8787952 C22.3883752,20.8787952 21.94066,20.43108 21.94066,19.8787952 L21.94066,17.3368884 L19.2666667,17.3368884 C18.7143819,17.3368884 18.2666667,16.8891732 18.2666667,16.3368884 C18.2666667,15.7846037 18.7143819,15.3368884 19.2666667,15.3368884 L21.94066,15.3368884 Z M8,12 C7.44771525,12 7,11.5522847 7,11 C7,10.4477153 7.44771525,10 8,10 L19.1153581,10 C19.6676429,10 20.1153581,10.4477153 20.1153581,11 C20.1153581,11.5522847 19.6676429,12 19.1153581,12 L8,12 Z M8,17.3368884 C7.44771525,17.3368884 7,16.8891732 7,16.3368884 C7,15.7846037 7.44771525,15.3368884 8,15.3368884 L14.7200696,15.3368884 C15.2723543,15.3368884 15.7200696,15.7846037 15.7200696,16.3368884 C15.7200696,16.8891732 15.2723543,17.3368884 14.7200696,17.3368884 L8,17.3368884 Z M8,23 C7.44771525,23 7,22.5522847 7,22 C7,21.4477153 7.44771525,21 8,21 L19.1153581,21 C19.6676429,21 20.1153581,21.4477153 20.1153581,22 C20.1153581,22.5522847 19.6676429,23 19.1153581,23 L8,23 Z" fill="#000000" fill-rule="nonzero"></path></g></svg></div><div class="pdl-product-detail_list-tooltip"><p>Add item to shopping list</p><i></i></div></button><!----></div></div></div><!----></li><!----><!----><!----><li id="product-85" tabindex="-1" data-product-id="153148" aria-label="Jimmy Dean Delights English Muffin Sandwiches - 4 ct" class="tile product-cell product-grid-cell"><!----><!----><!----><div class="product-tile_content"><div><!----><div class="flag_outer-container"><span class="flag_label flag_label--tomato"> Sale </span><!----><!----></div></div><!----><div><img src="./Search Results _ Giant_files/QKZV3.png" alt="Jimmy Dean Delights English Muffin Sandwiches - 4 ct" class="product-grid-image product-grid-cell_main-image"></div><div class="product-grid-cell_price-tag product-grid-cell_price-tag--full-tile"><div class="product-tile_detail"><div class="product-grid-cell_price-container product-grid-cell_price-container_column"><span role="link" class="product-grid-cell_main-price product-grid-cell_main-price--on-sale"> $6.49 </span><div class="product-grid-cell_was-container"><span class="product-grid-cell_regular-price product-grid-cell_regular-price--small"> $7.49 </span></div></div></div><div class="product-tile_detail-title"><div data-v-7b5b6b2c="" role="link" tabindex="0" class="product-grid-cell_name"><h3 data-v-7b5b6b2c="" aria-label="Jimmy Dean Delights English Muffin Sandwiches - 4 ct" class="product-grid-cell_name-text product-grid-cell_name-text--small"><!----> Jimmy Dean Delights English Muffin Sandwiches - 4 ct </h3></div><div role="link" class="product-grid-cell_sizes"><span class="product-grid-cell_size"> 20.4 OZ BOX </span><span aria-hidden="true"> | </span><!----><span class="product-grid-cell_unit"> $0.32 / OZ </span></div><!----></div><div class="product-grid-cell_promo-name"><!----><!----><!----><!----><!----></div><!----><div class="margin-top--one"><div class="pdl-add-to-cart"><button class="button button--disabled out-of-stock_text"> Out of Stock </button><!----></div><!----></div><!----></div></div><!----><!----><div class="product-tile_action-items"><!----><!----><div class="shopping-list-menu_container"><div><button aria-label="add to shopping list" class="button pdl-product-detail_top-icon button--fourth pdl-product-detail_top-icon--borderless"><!----><div class="vector-icon-size--large"><svg xmlns="http://www.w3.org/2000/svg" aria-label="Shopping List Icon Add" viewBox="0 0 32 32" role="presentation" aria-hidden="true" focusable="false" class="vector-icon-color--dark-grey"><title lang="en">Shopping List Icon Add</title><desc></desc><g fill="" stroke=""><path d="M21.94066,15.3368884 L21.94066,12.8931995 C21.94066,12.3409148 22.3883752,11.8931995 22.94066,11.8931995 C23.4929447,11.8931995 23.94066,12.3409148 23.94066,12.8931995 L23.94066,15.3368884 L26.2522624,15.3368884 C26.8045471,15.3368884 27.2522624,15.7846037 27.2522624,16.3368884 C27.2522624,16.8891732 26.8045471,17.3368884 26.2522624,17.3368884 L23.94066,17.3368884 L23.94066,19.8787952 C23.94066,20.43108 23.4929447,20.8787952 22.94066,20.8787952 C22.3883752,20.8787952 21.94066,20.43108 21.94066,19.8787952 L21.94066,17.3368884 L19.2666667,17.3368884 C18.7143819,17.3368884 18.2666667,16.8891732 18.2666667,16.3368884 C18.2666667,15.7846037 18.7143819,15.3368884 19.2666667,15.3368884 L21.94066,15.3368884 Z M8,12 C7.44771525,12 7,11.5522847 7,11 C7,10.4477153 7.44771525,10 8,10 L19.1153581,10 C19.6676429,10 20.1153581,10.4477153 20.1153581,11 C20.1153581,11.5522847 19.6676429,12 19.1153581,12 L8,12 Z M8,17.3368884 C7.44771525,17.3368884 7,16.8891732 7,16.3368884 C7,15.7846037 7.44771525,15.3368884 8,15.3368884 L14.7200696,15.3368884 C15.2723543,15.3368884 15.7200696,15.7846037 15.7200696,16.3368884 C15.7200696,16.8891732 15.2723543,17.3368884 14.7200696,17.3368884 L8,17.3368884 Z M8,23 C7.44771525,23 7,22.5522847 7,22 C7,21.4477153 7.44771525,21 8,21 L19.1153581,21 C19.6676429,21 20.1153581,21.4477153 20.1153581,22 C20.1153581,22.5522847 19.6676429,23 19.1153581,23 L8,23 Z" fill="#000000" fill-rule="nonzero"></path></g></svg></div><div class="pdl-product-detail_list-tooltip"><p>Add item to shopping list</p><i></i></div></button><!----></div></div></div><!----></li><!----><!----><!----><li id="product-86" tabindex="-1" data-product-id="153149" aria-label="Jimmy Dean Delights Honey Wheat Muffin - 4 ct" class="tile product-cell product-grid-cell"><!----><!----><!----><div class="product-tile_content"><div><!----><div class="flag_outer-container"><span class="flag_label flag_label--tomato"> Sale </span><!----><!----></div></div><!----><div><img src="./Search Results _ Giant_files/2TWHD.jpg" alt="Jimmy Dean Delights Honey Wheat Muffin - 4 ct" class="product-grid-image product-grid-cell_main-image"></div><div class="product-grid-cell_price-tag product-grid-cell_price-tag--full-tile"><div class="product-tile_detail"><div class="product-grid-cell_price-container product-grid-cell_price-container_column"><span role="link" class="product-grid-cell_main-price product-grid-cell_main-price--on-sale"> $6.49 </span><div class="product-grid-cell_was-container"><span class="product-grid-cell_regular-price product-grid-cell_regular-price--small"> $7.49 </span></div></div></div><div class="product-tile_detail-title"><div data-v-7b5b6b2c="" role="link" tabindex="0" class="product-grid-cell_name"><h3 data-v-7b5b6b2c="" aria-label="Jimmy Dean Delights Honey Wheat Muffin - 4 ct" class="product-grid-cell_name-text product-grid-cell_name-text--small"><!----> Jimmy Dean Delights Honey Wheat Muffin - 4 ct </h3></div><div role="link" class="product-grid-cell_sizes"><span class="product-grid-cell_size"> 18 OZ PKG </span><span aria-hidden="true"> | </span><!----><span class="product-grid-cell_unit"> $0.36 / OZ </span></div><!----></div><div class="product-grid-cell_promo-name"><!----><!----><!----><!----><!----></div><!----><div class="margin-top--one"><div class="pdl-add-to-cart"><button class="button button--disabled out-of-stock_text"> Out of Stock </button><!----></div><!----></div><!----></div></div><!----><!----><div class="product-tile_action-items"><!----><!----><div class="shopping-list-menu_container"><div><button aria-label="add to shopping list" class="button pdl-product-detail_top-icon button--fourth pdl-product-detail_top-icon--borderless"><!----><div class="vector-icon-size--large"><svg xmlns="http://www.w3.org/2000/svg" aria-label="Shopping List Icon Add" viewBox="0 0 32 32" role="presentation" aria-hidden="true" focusable="false" class="vector-icon-color--dark-grey"><title lang="en">Shopping List Icon Add</title><desc></desc><g fill="" stroke=""><path d="M21.94066,15.3368884 L21.94066,12.8931995 C21.94066,12.3409148 22.3883752,11.8931995 22.94066,11.8931995 C23.4929447,11.8931995 23.94066,12.3409148 23.94066,12.8931995 L23.94066,15.3368884 L26.2522624,15.3368884 C26.8045471,15.3368884 27.2522624,15.7846037 27.2522624,16.3368884 C27.2522624,16.8891732 26.8045471,17.3368884 26.2522624,17.3368884 L23.94066,17.3368884 L23.94066,19.8787952 C23.94066,20.43108 23.4929447,20.8787952 22.94066,20.8787952 C22.3883752,20.8787952 21.94066,20.43108 21.94066,19.8787952 L21.94066,17.3368884 L19.2666667,17.3368884 C18.7143819,17.3368884 18.2666667,16.8891732 18.2666667,16.3368884 C18.2666667,15.7846037 18.7143819,15.3368884 19.2666667,15.3368884 L21.94066,15.3368884 Z M8,12 C7.44771525,12 7,11.5522847 7,11 C7,10.4477153 7.44771525,10 8,10 L19.1153581,10 C19.6676429,10 20.1153581,10.4477153 20.1153581,11 C20.1153581,11.5522847 19.6676429,12 19.1153581,12 L8,12 Z M8,17.3368884 C7.44771525,17.3368884 7,16.8891732 7,16.3368884 C7,15.7846037 7.44771525,15.3368884 8,15.3368884 L14.7200696,15.3368884 C15.2723543,15.3368884 15.7200696,15.7846037 15.7200696,16.3368884 C15.7200696,16.8891732 15.2723543,17.3368884 14.7200696,17.3368884 L8,17.3368884 Z M8,23 C7.44771525,23 7,22.5522847 7,22 C7,21.4477153 7.44771525,21 8,21 L19.1153581,21 C19.6676429,21 20.1153581,21.4477153 20.1153581,22 C20.1153581,22.5522847 19.6676429,23 19.1153581,23 L8,23 Z" fill="#000000" fill-rule="nonzero"></path></g></svg></div><div class="pdl-product-detail_list-tooltip"><p>Add item to shopping list</p><i></i></div></button><!----></div></div></div><!----></li><!----><!----><!----><li id="product-87" tabindex="-1" data-product-id="155944" aria-label="Jimmy Dean Biscuit Sandwiches Sausage, Egg &amp; Cheese - 4 ct" class="tile product-cell product-grid-cell"><!----><!----><!----><div class="product-tile_content"><div><!----><div class="flag_outer-container"><span class="flag_label flag_label--tomato"> Sale </span><!----><!----></div></div><!----><div><img src="./Search Results _ Giant_files/5YB61.png" alt="Jimmy Dean Biscuit Sandwiches Sausage, Egg &amp; Cheese - 4 ct" class="product-grid-image product-grid-cell_main-image"></div><div class="product-grid-cell_price-tag product-grid-cell_price-tag--full-tile"><div class="product-tile_detail"><div class="product-grid-cell_price-container product-grid-cell_price-container_column"><span role="link" class="product-grid-cell_main-price product-grid-cell_main-price--on-sale"> $5.29 </span><div class="product-grid-cell_was-container"><span class="product-grid-cell_regular-price product-grid-cell_regular-price--small"> $6.29 </span></div></div></div><div class="product-tile_detail-title"><div data-v-7b5b6b2c="" role="link" tabindex="0" class="product-grid-cell_name"><h3 data-v-7b5b6b2c="" aria-label="Jimmy Dean Biscuit Sandwiches Sausage, Egg &amp; Cheese - 4 ct" class="product-grid-cell_name-text product-grid-cell_name-text--small"><!----> Jimmy Dean Biscuit Sandwiches Sausage, Egg &amp; Cheese - 4 ct </h3></div><div role="link" class="product-grid-cell_sizes"><span class="product-grid-cell_size"> 18 OZ BOX </span><span aria-hidden="true"> | </span><!----><span class="product-grid-cell_unit"> $0.29 / OZ </span></div><!----></div><div class="product-grid-cell_promo-name"><!----><!----><!----><!----><!----></div><!----><div class="margin-top--one"><!----><div data-v-4e03913c="" class="pdl-add-to-cart"><div data-v-4e03913c="" class="pdl-add-to-cart_button"><button data-v-4e03913c="" aria-label="Add to Cart" data-product-id="155944" data-price="5.29" class="button button--add-to-cart"> Add to Cart <!----></button><!----></div><!----></div></div><!----></div></div><!----><!----><div class="product-tile_action-items"><!----><!----><div class="shopping-list-menu_container"><div><button aria-label="add to shopping list" class="button pdl-product-detail_top-icon button--fourth pdl-product-detail_top-icon--borderless"><!----><div class="vector-icon-size--large"><svg xmlns="http://www.w3.org/2000/svg" aria-label="Shopping List Icon Add" viewBox="0 0 32 32" role="presentation" aria-hidden="true" focusable="false" class="vector-icon-color--dark-grey"><title lang="en">Shopping List Icon Add</title><desc></desc><g fill="" stroke=""><path d="M21.94066,15.3368884 L21.94066,12.8931995 C21.94066,12.3409148 22.3883752,11.8931995 22.94066,11.8931995 C23.4929447,11.8931995 23.94066,12.3409148 23.94066,12.8931995 L23.94066,15.3368884 L26.2522624,15.3368884 C26.8045471,15.3368884 27.2522624,15.7846037 27.2522624,16.3368884 C27.2522624,16.8891732 26.8045471,17.3368884 26.2522624,17.3368884 L23.94066,17.3368884 L23.94066,19.8787952 C23.94066,20.43108 23.4929447,20.8787952 22.94066,20.8787952 C22.3883752,20.8787952 21.94066,20.43108 21.94066,19.8787952 L21.94066,17.3368884 L19.2666667,17.3368884 C18.7143819,17.3368884 18.2666667,16.8891732 18.2666667,16.3368884 C18.2666667,15.7846037 18.7143819,15.3368884 19.2666667,15.3368884 L21.94066,15.3368884 Z M8,12 C7.44771525,12 7,11.5522847 7,11 C7,10.4477153 7.44771525,10 8,10 L19.1153581,10 C19.6676429,10 20.1153581,10.4477153 20.1153581,11 C20.1153581,11.5522847 19.6676429,12 19.1153581,12 L8,12 Z M8,17.3368884 C7.44771525,17.3368884 7,16.8891732 7,16.3368884 C7,15.7846037 7.44771525,15.3368884 8,15.3368884 L14.7200696,15.3368884 C15.2723543,15.3368884 15.7200696,15.7846037 15.7200696,16.3368884 C15.7200696,16.8891732 15.2723543,17.3368884 14.7200696,17.3368884 L8,17.3368884 Z M8,23 C7.44771525,23 7,22.5522847 7,22 C7,21.4477153 7.44771525,21 8,21 L19.1153581,21 C19.6676429,21 20.1153581,21.4477153 20.1153581,22 C20.1153581,22.5522847 19.6676429,23 19.1153581,23 L8,23 Z" fill="#000000" fill-rule="nonzero"></path></g></svg></div><div class="pdl-product-detail_list-tooltip"><p>Add item to shopping list</p><i></i></div></button><!----></div></div></div><!----></li><!----><!----><!----><li id="product-88" tabindex="-1" data-product-id="158298" aria-label="Jimmy Dean Biscuit Sandwiches Bacon, Egg &amp; Cheese - 4 ct" class="tile product-cell product-grid-cell"><!----><!----><!----><div class="product-tile_content"><div><!----><div class="flag_outer-container"><span class="flag_label flag_label--tomato"> Sale </span><!----><!----></div></div><!----><div><img src="./Search Results _ Giant_files/S4OJB.jpg" alt="Jimmy Dean Biscuit Sandwiches Bacon, Egg &amp; Cheese - 4 ct" class="product-grid-image product-grid-cell_main-image"></div><div class="product-grid-cell_price-tag product-grid-cell_price-tag--full-tile"><div class="product-tile_detail"><div class="product-grid-cell_price-container product-grid-cell_price-container_column"><span role="link" class="product-grid-cell_main-price product-grid-cell_main-price--on-sale"> $5.29 </span><div class="product-grid-cell_was-container"><span class="product-grid-cell_regular-price product-grid-cell_regular-price--small"> $6.29 </span></div></div></div><div class="product-tile_detail-title"><div data-v-7b5b6b2c="" role="link" tabindex="0" class="product-grid-cell_name"><h3 data-v-7b5b6b2c="" aria-label="Jimmy Dean Biscuit Sandwiches Bacon, Egg &amp; Cheese - 4 ct" class="product-grid-cell_name-text product-grid-cell_name-text--small"><!----> Jimmy Dean Biscuit Sandwiches Bacon, Egg &amp; Cheese - 4 ct </h3></div><div role="link" class="product-grid-cell_sizes"><span class="product-grid-cell_size"> 14.4 OZ BOX </span><span aria-hidden="true"> | </span><!----><span class="product-grid-cell_unit"> $0.37 / OZ </span></div><!----></div><div class="product-grid-cell_promo-name"><!----><!----><!----><!----><!----></div><!----><div class="margin-top--one"><div class="pdl-add-to-cart"><button class="button button--disabled out-of-stock_text"> Out of Stock </button><!----></div><!----></div><!----></div></div><!----><!----><div class="product-tile_action-items"><!----><!----><div class="shopping-list-menu_container"><div><button aria-label="add to shopping list" class="button pdl-product-detail_top-icon button--fourth pdl-product-detail_top-icon--borderless"><!----><div class="vector-icon-size--large"><svg xmlns="http://www.w3.org/2000/svg" aria-label="Shopping List Icon Add" viewBox="0 0 32 32" role="presentation" aria-hidden="true" focusable="false" class="vector-icon-color--dark-grey"><title lang="en">Shopping List Icon Add</title><desc></desc><g fill="" stroke=""><path d="M21.94066,15.3368884 L21.94066,12.8931995 C21.94066,12.3409148 22.3883752,11.8931995 22.94066,11.8931995 C23.4929447,11.8931995 23.94066,12.3409148 23.94066,12.8931995 L23.94066,15.3368884 L26.2522624,15.3368884 C26.8045471,15.3368884 27.2522624,15.7846037 27.2522624,16.3368884 C27.2522624,16.8891732 26.8045471,17.3368884 26.2522624,17.3368884 L23.94066,17.3368884 L23.94066,19.8787952 C23.94066,20.43108 23.4929447,20.8787952 22.94066,20.8787952 C22.3883752,20.8787952 21.94066,20.43108 21.94066,19.8787952 L21.94066,17.3368884 L19.2666667,17.3368884 C18.7143819,17.3368884 18.2666667,16.8891732 18.2666667,16.3368884 C18.2666667,15.7846037 18.7143819,15.3368884 19.2666667,15.3368884 L21.94066,15.3368884 Z M8,12 C7.44771525,12 7,11.5522847 7,11 C7,10.4477153 7.44771525,10 8,10 L19.1153581,10 C19.6676429,10 20.1153581,10.4477153 20.1153581,11 C20.1153581,11.5522847 19.6676429,12 19.1153581,12 L8,12 Z M8,17.3368884 C7.44771525,17.3368884 7,16.8891732 7,16.3368884 C7,15.7846037 7.44771525,15.3368884 8,15.3368884 L14.7200696,15.3368884 C15.2723543,15.3368884 15.7200696,15.7846037 15.7200696,16.3368884 C15.7200696,16.8891732 15.2723543,17.3368884 14.7200696,17.3368884 L8,17.3368884 Z M8,23 C7.44771525,23 7,22.5522847 7,22 C7,21.4477153 7.44771525,21 8,21 L19.1153581,21 C19.6676429,21 20.1153581,21.4477153 20.1153581,22 C20.1153581,22.5522847 19.6676429,23 19.1153581,23 L8,23 Z" fill="#000000" fill-rule="nonzero"></path></g></svg></div><div class="pdl-product-detail_list-tooltip"><p>Add item to shopping list</p><i></i></div></button><!----></div></div></div><!----></li><!----><!----><!----><li id="product-89" tabindex="-1" data-product-id="159286" aria-label="Jimmy Dean Croissant Sandwiches with Sausage Egg &amp; Cheese - 8 ct" class="tile product-cell product-grid-cell"><!----><!----><!----><div class="product-tile_content"><div><!----><div class="flag_outer-container"><!----><!----><!----></div></div><!----><div><img src="./Search Results _ Giant_files/YIMDS.png" alt="Jimmy Dean Croissant Sandwiches with Sausage Egg &amp; Cheese - 8 ct" class="product-grid-image product-grid-cell_main-image"></div><div class="product-grid-cell_price-tag product-grid-cell_price-tag--full-tile"><div class="product-tile_detail"><div class="product-grid-cell_price-container"><span role="link" class="product-grid-cell_main-price"> $11.79 </span><!----></div></div><div class="product-tile_detail-title"><div data-v-7b5b6b2c="" role="link" tabindex="0" class="product-grid-cell_name"><h3 data-v-7b5b6b2c="" aria-label="Jimmy Dean Croissant Sandwiches with Sausage Egg &amp; Cheese - 8 ct" class="product-grid-cell_name-text product-grid-cell_name-text--small"><!----> Jimmy Dean Croissant Sandwiches with Sausage Egg &amp; Cheese - 8 ct </h3></div><div role="link" class="product-grid-cell_sizes"><span class="product-grid-cell_size"> 36 OZ BOX </span><span aria-hidden="true"> | </span><!----><span class="product-grid-cell_unit"> $0.33 / OZ </span></div><!----></div><div class="product-grid-cell_promo-name"><!----><!----><!----><!----><!----></div><!----><div class="margin-top--one"><!----><div data-v-4e03913c="" class="pdl-add-to-cart"><div data-v-4e03913c="" class="pdl-add-to-cart_button"><button data-v-4e03913c="" aria-label="Add to Cart" data-product-id="159286" data-price="11.79" class="button button--add-to-cart"> Add to Cart <!----></button><!----></div><!----></div></div><!----></div></div><!----><!----><div class="product-tile_action-items"><!----><!----><div class="shopping-list-menu_container"><div><button aria-label="add to shopping list" class="button pdl-product-detail_top-icon button--fourth pdl-product-detail_top-icon--borderless"><!----><div class="vector-icon-size--large"><svg xmlns="http://www.w3.org/2000/svg" aria-label="Shopping List Icon Add" viewBox="0 0 32 32" role="presentation" aria-hidden="true" focusable="false" class="vector-icon-color--dark-grey"><title lang="en">Shopping List Icon Add</title><desc></desc><g fill="" stroke=""><path d="M21.94066,15.3368884 L21.94066,12.8931995 C21.94066,12.3409148 22.3883752,11.8931995 22.94066,11.8931995 C23.4929447,11.8931995 23.94066,12.3409148 23.94066,12.8931995 L23.94066,15.3368884 L26.2522624,15.3368884 C26.8045471,15.3368884 27.2522624,15.7846037 27.2522624,16.3368884 C27.2522624,16.8891732 26.8045471,17.3368884 26.2522624,17.3368884 L23.94066,17.3368884 L23.94066,19.8787952 C23.94066,20.43108 23.4929447,20.8787952 22.94066,20.8787952 C22.3883752,20.8787952 21.94066,20.43108 21.94066,19.8787952 L21.94066,17.3368884 L19.2666667,17.3368884 C18.7143819,17.3368884 18.2666667,16.8891732 18.2666667,16.3368884 C18.2666667,15.7846037 18.7143819,15.3368884 19.2666667,15.3368884 L21.94066,15.3368884 Z M8,12 C7.44771525,12 7,11.5522847 7,11 C7,10.4477153 7.44771525,10 8,10 L19.1153581,10 C19.6676429,10 20.1153581,10.4477153 20.1153581,11 C20.1153581,11.5522847 19.6676429,12 19.1153581,12 L8,12 Z M8,17.3368884 C7.44771525,17.3368884 7,16.8891732 7,16.3368884 C7,15.7846037 7.44771525,15.3368884 8,15.3368884 L14.7200696,15.3368884 C15.2723543,15.3368884 15.7200696,15.7846037 15.7200696,16.3368884 C15.7200696,16.8891732 15.2723543,17.3368884 14.7200696,17.3368884 L8,17.3368884 Z M8,23 C7.44771525,23 7,22.5522847 7,22 C7,21.4477153 7.44771525,21 8,21 L19.1153581,21 C19.6676429,21 20.1153581,21.4477153 20.1153581,22 C20.1153581,22.5522847 19.6676429,23 19.1153581,23 L8,23 Z" fill="#000000" fill-rule="nonzero"></path></g></svg></div><div class="pdl-product-detail_list-tooltip"><p>Add item to shopping list</p><i></i></div></button><!----></div></div></div><!----></li><!----><!----><!----><li id="product-90" tabindex="-1" data-product-id="160567" aria-label="Jimmy Dean English Muffin Sandwiches Sausage, Egg &amp; Cheese - 4 ct" class="tile product-cell product-grid-cell"><!----><!----><!----><div class="product-tile_content"><div><!----><div class="flag_outer-container"><span class="flag_label flag_label--tomato"> Sale </span><!----><!----></div></div><!----><div><img src="./Search Results _ Giant_files/1LVPT.jpg" alt="Jimmy Dean English Muffin Sandwiches Sausage, Egg &amp; Cheese - 4 ct" class="product-grid-image product-grid-cell_main-image"></div><div class="product-grid-cell_price-tag product-grid-cell_price-tag--full-tile"><div class="product-tile_detail"><div class="product-grid-cell_price-container product-grid-cell_price-container_column"><span role="link" class="product-grid-cell_main-price product-grid-cell_main-price--on-sale"> $5.29 </span><div class="product-grid-cell_was-container"><span class="product-grid-cell_regular-price product-grid-cell_regular-price--small"> $6.29 </span></div></div></div><div class="product-tile_detail-title"><div data-v-7b5b6b2c="" role="link" tabindex="0" class="product-grid-cell_name"><h3 data-v-7b5b6b2c="" aria-label="Jimmy Dean English Muffin Sandwiches Sausage, Egg &amp; Cheese - 4 ct" class="product-grid-cell_name-text product-grid-cell_name-text--small"><!----> Jimmy Dean English Muffin Sandwiches Sausage, Egg &amp; Cheese - 4 ct </h3></div><div role="link" class="product-grid-cell_sizes"><span class="product-grid-cell_size"> 18.4 OZ BOX </span><span aria-hidden="true"> | </span><!----><span class="product-grid-cell_unit"> $0.29 / OZ </span></div><!----></div><div class="product-grid-cell_promo-name"><!----><!----><!----><!----><!----></div><!----><div class="margin-top--one"><div class="pdl-add-to-cart"><button class="button button--disabled out-of-stock_text"> Out of Stock </button><!----></div><!----></div><!----></div></div><!----><!----><div class="product-tile_action-items"><!----><!----><div class="shopping-list-menu_container"><div><button aria-label="add to shopping list" class="button pdl-product-detail_top-icon button--fourth pdl-product-detail_top-icon--borderless"><!----><div class="vector-icon-size--large"><svg xmlns="http://www.w3.org/2000/svg" aria-label="Shopping List Icon Add" viewBox="0 0 32 32" role="presentation" aria-hidden="true" focusable="false" class="vector-icon-color--dark-grey"><title lang="en">Shopping List Icon Add</title><desc></desc><g fill="" stroke=""><path d="M21.94066,15.3368884 L21.94066,12.8931995 C21.94066,12.3409148 22.3883752,11.8931995 22.94066,11.8931995 C23.4929447,11.8931995 23.94066,12.3409148 23.94066,12.8931995 L23.94066,15.3368884 L26.2522624,15.3368884 C26.8045471,15.3368884 27.2522624,15.7846037 27.2522624,16.3368884 C27.2522624,16.8891732 26.8045471,17.3368884 26.2522624,17.3368884 L23.94066,17.3368884 L23.94066,19.8787952 C23.94066,20.43108 23.4929447,20.8787952 22.94066,20.8787952 C22.3883752,20.8787952 21.94066,20.43108 21.94066,19.8787952 L21.94066,17.3368884 L19.2666667,17.3368884 C18.7143819,17.3368884 18.2666667,16.8891732 18.2666667,16.3368884 C18.2666667,15.7846037 18.7143819,15.3368884 19.2666667,15.3368884 L21.94066,15.3368884 Z M8,12 C7.44771525,12 7,11.5522847 7,11 C7,10.4477153 7.44771525,10 8,10 L19.1153581,10 C19.6676429,10 20.1153581,10.4477153 20.1153581,11 C20.1153581,11.5522847 19.6676429,12 19.1153581,12 L8,12 Z M8,17.3368884 C7.44771525,17.3368884 7,16.8891732 7,16.3368884 C7,15.7846037 7.44771525,15.3368884 8,15.3368884 L14.7200696,15.3368884 C15.2723543,15.3368884 15.7200696,15.7846037 15.7200696,16.3368884 C15.7200696,16.8891732 15.2723543,17.3368884 14.7200696,17.3368884 L8,17.3368884 Z M8,23 C7.44771525,23 7,22.5522847 7,22 C7,21.4477153 7.44771525,21 8,21 L19.1153581,21 C19.6676429,21 20.1153581,21.4477153 20.1153581,22 C20.1153581,22.5522847 19.6676429,23 19.1153581,23 L8,23 Z" fill="#000000" fill-rule="nonzero"></path></g></svg></div><div class="pdl-product-detail_list-tooltip"><p>Add item to shopping list</p><i></i></div></button><!----></div></div></div><!----></li><!----><!----><!----><li id="product-91" tabindex="-1" data-product-id="160666" aria-label="Jimmy Dean Croissant Sandwiches Sausage, Egg &amp; Cheese - 4 ct" class="tile product-cell product-grid-cell"><!----><!----><!----><div class="product-tile_content"><div><!----><div class="flag_outer-container"><span class="flag_label flag_label--tomato"> Sale </span><!----><!----></div></div><!----><div><img src="./Search Results _ Giant_files/3BOPQ.jpg" alt="Jimmy Dean Croissant Sandwiches Sausage, Egg &amp; Cheese - 4 ct" class="product-grid-image product-grid-cell_main-image"></div><div class="product-grid-cell_price-tag product-grid-cell_price-tag--full-tile"><div class="product-tile_detail"><div class="product-grid-cell_price-container product-grid-cell_price-container_column"><span role="link" class="product-grid-cell_main-price product-grid-cell_main-price--on-sale"> $5.29 </span><div class="product-grid-cell_was-container"><span class="product-grid-cell_regular-price product-grid-cell_regular-price--small"> $6.29 </span></div></div></div><div class="product-tile_detail-title"><div data-v-7b5b6b2c="" role="link" tabindex="0" class="product-grid-cell_name"><h3 data-v-7b5b6b2c="" aria-label="Jimmy Dean Croissant Sandwiches Sausage, Egg &amp; Cheese - 4 ct" class="product-grid-cell_name-text product-grid-cell_name-text--small"><!----> Jimmy Dean Croissant Sandwiches Sausage, Egg &amp; Cheese - 4 ct </h3></div><div role="link" class="product-grid-cell_sizes"><span class="product-grid-cell_size"> 18 OZ BOX </span><span aria-hidden="true"> | </span><!----><span class="product-grid-cell_unit"> $0.29 / OZ </span></div><!----></div><div class="product-grid-cell_promo-name"><!----><!----><!----><!----><!----></div><!----><div class="margin-top--one"><div class="pdl-add-to-cart"><button class="button button--disabled out-of-stock_text"> Out of Stock </button><!----></div><!----></div><!----></div></div><!----><!----><div class="product-tile_action-items"><!----><!----><div class="shopping-list-menu_container"><div><button aria-label="add to shopping list" class="button pdl-product-detail_top-icon button--fourth pdl-product-detail_top-icon--borderless"><!----><div class="vector-icon-size--large"><svg xmlns="http://www.w3.org/2000/svg" aria-label="Shopping List Icon Add" viewBox="0 0 32 32" role="presentation" aria-hidden="true" focusable="false" class="vector-icon-color--dark-grey"><title lang="en">Shopping List Icon Add</title><desc></desc><g fill="" stroke=""><path d="M21.94066,15.3368884 L21.94066,12.8931995 C21.94066,12.3409148 22.3883752,11.8931995 22.94066,11.8931995 C23.4929447,11.8931995 23.94066,12.3409148 23.94066,12.8931995 L23.94066,15.3368884 L26.2522624,15.3368884 C26.8045471,15.3368884 27.2522624,15.7846037 27.2522624,16.3368884 C27.2522624,16.8891732 26.8045471,17.3368884 26.2522624,17.3368884 L23.94066,17.3368884 L23.94066,19.8787952 C23.94066,20.43108 23.4929447,20.8787952 22.94066,20.8787952 C22.3883752,20.8787952 21.94066,20.43108 21.94066,19.8787952 L21.94066,17.3368884 L19.2666667,17.3368884 C18.7143819,17.3368884 18.2666667,16.8891732 18.2666667,16.3368884 C18.2666667,15.7846037 18.7143819,15.3368884 19.2666667,15.3368884 L21.94066,15.3368884 Z M8,12 C7.44771525,12 7,11.5522847 7,11 C7,10.4477153 7.44771525,10 8,10 L19.1153581,10 C19.6676429,10 20.1153581,10.4477153 20.1153581,11 C20.1153581,11.5522847 19.6676429,12 19.1153581,12 L8,12 Z M8,17.3368884 C7.44771525,17.3368884 7,16.8891732 7,16.3368884 C7,15.7846037 7.44771525,15.3368884 8,15.3368884 L14.7200696,15.3368884 C15.2723543,15.3368884 15.7200696,15.7846037 15.7200696,16.3368884 C15.7200696,16.8891732 15.2723543,17.3368884 14.7200696,17.3368884 L8,17.3368884 Z M8,23 C7.44771525,23 7,22.5522847 7,22 C7,21.4477153 7.44771525,21 8,21 L19.1153581,21 C19.6676429,21 20.1153581,21.4477153 20.1153581,22 C20.1153581,22.5522847 19.6676429,23 19.1153581,23 L8,23 Z" fill="#000000" fill-rule="nonzero"></path></g></svg></div><div class="pdl-product-detail_list-tooltip"><p>Add item to shopping list</p><i></i></div></button><!----></div></div></div><!----></li><!----><!----><!----><li id="product-92" tabindex="-1" data-product-id="160669" aria-label="Jimmy Dean Delights Croissants w/Turkey Sausage, Egg White, Cheese - 4 ct" class="tile product-cell product-grid-cell"><!----><!----><!----><div class="product-tile_content"><div><!----><div class="flag_outer-container"><span class="flag_label flag_label--tomato"> Sale </span><!----><!----></div></div><!----><div><img src="./Search Results _ Giant_files/LZ5VT.jpg" alt="Jimmy Dean Delights Croissants w/Turkey Sausage, Egg White, Cheese - 4 ct" class="product-grid-image product-grid-cell_main-image"></div><div class="product-grid-cell_price-tag product-grid-cell_price-tag--full-tile"><div class="product-tile_detail"><div class="product-grid-cell_price-container product-grid-cell_price-container_column"><span role="link" class="product-grid-cell_main-price product-grid-cell_main-price--on-sale"> $6.49 </span><div class="product-grid-cell_was-container"><span class="product-grid-cell_regular-price product-grid-cell_regular-price--small"> $7.49 </span></div></div></div><div class="product-tile_detail-title"><div data-v-7b5b6b2c="" role="link" tabindex="0" class="product-grid-cell_name"><h3 data-v-7b5b6b2c="" aria-label="Jimmy Dean Delights Croissants w/Turkey Sausage, Egg White, Cheese - 4 ct" class="product-grid-cell_name-text product-grid-cell_name-text--small"><!----> Jimmy Dean Delights Croissants w/Turkey Sausage, Egg White, Cheese - 4 ct </h3></div><div role="link" class="product-grid-cell_sizes"><span class="product-grid-cell_size"> 19.2 OZ BOX </span><span aria-hidden="true"> | </span><!----><span class="product-grid-cell_unit"> $0.34 / OZ </span></div><!----></div><div class="product-grid-cell_promo-name"><!----><!----><!----><!----><!----></div><!----><div class="margin-top--one"><!----><div data-v-4e03913c="" class="pdl-add-to-cart"><div data-v-4e03913c="" class="pdl-add-to-cart_button"><button data-v-4e03913c="" aria-label="Add to Cart" data-product-id="160669" data-price="6.49" class="button button--add-to-cart"> Add to Cart <!----></button><!----></div><!----></div></div><!----></div></div><!----><!----><div class="product-tile_action-items"><!----><!----><div class="shopping-list-menu_container"><div><button aria-label="add to shopping list" class="button pdl-product-detail_top-icon button--fourth pdl-product-detail_top-icon--borderless"><!----><div class="vector-icon-size--large"><svg xmlns="http://www.w3.org/2000/svg" aria-label="Shopping List Icon Add" viewBox="0 0 32 32" role="presentation" aria-hidden="true" focusable="false" class="vector-icon-color--dark-grey"><title lang="en">Shopping List Icon Add</title><desc></desc><g fill="" stroke=""><path d="M21.94066,15.3368884 L21.94066,12.8931995 C21.94066,12.3409148 22.3883752,11.8931995 22.94066,11.8931995 C23.4929447,11.8931995 23.94066,12.3409148 23.94066,12.8931995 L23.94066,15.3368884 L26.2522624,15.3368884 C26.8045471,15.3368884 27.2522624,15.7846037 27.2522624,16.3368884 C27.2522624,16.8891732 26.8045471,17.3368884 26.2522624,17.3368884 L23.94066,17.3368884 L23.94066,19.8787952 C23.94066,20.43108 23.4929447,20.8787952 22.94066,20.8787952 C22.3883752,20.8787952 21.94066,20.43108 21.94066,19.8787952 L21.94066,17.3368884 L19.2666667,17.3368884 C18.7143819,17.3368884 18.2666667,16.8891732 18.2666667,16.3368884 C18.2666667,15.7846037 18.7143819,15.3368884 19.2666667,15.3368884 L21.94066,15.3368884 Z M8,12 C7.44771525,12 7,11.5522847 7,11 C7,10.4477153 7.44771525,10 8,10 L19.1153581,10 C19.6676429,10 20.1153581,10.4477153 20.1153581,11 C20.1153581,11.5522847 19.6676429,12 19.1153581,12 L8,12 Z M8,17.3368884 C7.44771525,17.3368884 7,16.8891732 7,16.3368884 C7,15.7846037 7.44771525,15.3368884 8,15.3368884 L14.7200696,15.3368884 C15.2723543,15.3368884 15.7200696,15.7846037 15.7200696,16.3368884 C15.7200696,16.8891732 15.2723543,17.3368884 14.7200696,17.3368884 L8,17.3368884 Z M8,23 C7.44771525,23 7,22.5522847 7,22 C7,21.4477153 7.44771525,21 8,21 L19.1153581,21 C19.6676429,21 20.1153581,21.4477153 20.1153581,22 C20.1153581,22.5522847 19.6676429,23 19.1153581,23 L8,23 Z" fill="#000000" fill-rule="nonzero"></path></g></svg></div><div class="pdl-product-detail_list-tooltip"><p>Add item to shopping list</p><i></i></div></button><!----></div></div></div><!----></li><!----><!----><!----><li id="product-93" tabindex="-1" data-product-id="162943" aria-label="Jimmy Dean Breakfast Bowls Bacon, Eggs, Potatoes &amp; Cheddar Cheese" class="tile product-cell product-grid-cell"><!----><!----><!----><div class="product-tile_content"><div><!----><div class="flag_outer-container"><!----><!----><!----></div></div><!----><div><img src="./Search Results _ Giant_files/LJSOW.jpg" alt="Jimmy Dean Breakfast Bowls Bacon, Eggs, Potatoes &amp; Cheddar Cheese" class="product-grid-image product-grid-cell_main-image"></div><div class="product-grid-cell_price-tag product-grid-cell_price-tag--full-tile"><div class="product-tile_detail"><div class="product-grid-cell_price-container"><span role="link" class="product-grid-cell_main-price"> $3.59 </span><!----></div></div><div class="product-tile_detail-title"><div data-v-7b5b6b2c="" role="link" tabindex="0" class="product-grid-cell_name"><h3 data-v-7b5b6b2c="" aria-label="Jimmy Dean Breakfast Bowls Bacon, Eggs, Potatoes &amp; Cheddar Cheese" class="product-grid-cell_name-text product-grid-cell_name-text--small"><!----> Jimmy Dean Breakfast Bowls Bacon, Eggs, Potatoes &amp; Cheddar Cheese </h3></div><div role="link" class="product-grid-cell_sizes"><span class="product-grid-cell_size"> 7 OZ BOWL </span><span aria-hidden="true"> | </span><!----><span class="product-grid-cell_unit"> $0.51 / OZ </span></div><!----></div><div class="product-grid-cell_promo-name"><!----><!----><!----><!----><!----></div><!----><div class="margin-top--one"><!----><div data-v-4e03913c="" class="pdl-add-to-cart"><div data-v-4e03913c="" class="pdl-add-to-cart_button"><button data-v-4e03913c="" aria-label="Add to Cart" data-product-id="162943" data-price="3.59" class="button button--add-to-cart"> Add to Cart <!----></button><!----></div><!----></div></div><!----></div></div><!----><!----><div class="product-tile_action-items"><!----><!----><div class="shopping-list-menu_container"><div><button aria-label="add to shopping list" class="button pdl-product-detail_top-icon button--fourth pdl-product-detail_top-icon--borderless"><!----><div class="vector-icon-size--large"><svg xmlns="http://www.w3.org/2000/svg" aria-label="Shopping List Icon Add" viewBox="0 0 32 32" role="presentation" aria-hidden="true" focusable="false" class="vector-icon-color--dark-grey"><title lang="en">Shopping List Icon Add</title><desc></desc><g fill="" stroke=""><path d="M21.94066,15.3368884 L21.94066,12.8931995 C21.94066,12.3409148 22.3883752,11.8931995 22.94066,11.8931995 C23.4929447,11.8931995 23.94066,12.3409148 23.94066,12.8931995 L23.94066,15.3368884 L26.2522624,15.3368884 C26.8045471,15.3368884 27.2522624,15.7846037 27.2522624,16.3368884 C27.2522624,16.8891732 26.8045471,17.3368884 26.2522624,17.3368884 L23.94066,17.3368884 L23.94066,19.8787952 C23.94066,20.43108 23.4929447,20.8787952 22.94066,20.8787952 C22.3883752,20.8787952 21.94066,20.43108 21.94066,19.8787952 L21.94066,17.3368884 L19.2666667,17.3368884 C18.7143819,17.3368884 18.2666667,16.8891732 18.2666667,16.3368884 C18.2666667,15.7846037 18.7143819,15.3368884 19.2666667,15.3368884 L21.94066,15.3368884 Z M8,12 C7.44771525,12 7,11.5522847 7,11 C7,10.4477153 7.44771525,10 8,10 L19.1153581,10 C19.6676429,10 20.1153581,10.4477153 20.1153581,11 C20.1153581,11.5522847 19.6676429,12 19.1153581,12 L8,12 Z M8,17.3368884 C7.44771525,17.3368884 7,16.8891732 7,16.3368884 C7,15.7846037 7.44771525,15.3368884 8,15.3368884 L14.7200696,15.3368884 C15.2723543,15.3368884 15.7200696,15.7846037 15.7200696,16.3368884 C15.7200696,16.8891732 15.2723543,17.3368884 14.7200696,17.3368884 L8,17.3368884 Z M8,23 C7.44771525,23 7,22.5522847 7,22 C7,21.4477153 7.44771525,21 8,21 L19.1153581,21 C19.6676429,21 20.1153581,21.4477153 20.1153581,22 C20.1153581,22.5522847 19.6676429,23 19.1153581,23 L8,23 Z" fill="#000000" fill-rule="nonzero"></path></g></svg></div><div class="pdl-product-detail_list-tooltip"><p>Add item to shopping list</p><i></i></div></button><!----></div></div></div><!----></li><!----><!----><!----><li id="product-94" tabindex="-1" data-product-id="162944" aria-label="Jimmy Dean Biscuit Sandwiches Sausage, Egg &amp; Cheese Meal Size - 8 ct" class="tile product-cell product-grid-cell"><!----><!----><!----><div class="product-tile_content"><div><!----><div class="flag_outer-container"><!----><!----><!----></div></div><!----><div><img src="./Search Results _ Giant_files/VOQYI.jpg" alt="Jimmy Dean Biscuit Sandwiches Sausage, Egg &amp; Cheese Meal Size - 8 ct" class="product-grid-image product-grid-cell_main-image"></div><div class="product-grid-cell_price-tag product-grid-cell_price-tag--full-tile"><div class="product-tile_detail"><div class="product-grid-cell_price-container"><span role="link" class="product-grid-cell_main-price"> $11.79 </span><!----></div></div><div class="product-tile_detail-title"><div data-v-7b5b6b2c="" role="link" tabindex="0" class="product-grid-cell_name"><h3 data-v-7b5b6b2c="" aria-label="Jimmy Dean Biscuit Sandwiches Sausage, Egg &amp; Cheese Meal Size - 8 ct" class="product-grid-cell_name-text product-grid-cell_name-text--small"><!----> Jimmy Dean Biscuit Sandwiches Sausage, Egg &amp; Cheese Meal Size - 8 ct </h3></div><div role="link" class="product-grid-cell_sizes"><span class="product-grid-cell_size"> 36 OZ BOX </span><span aria-hidden="true"> | </span><!----><span class="product-grid-cell_unit"> $0.33 / OZ </span></div><!----></div><div class="product-grid-cell_promo-name"><!----><!----><!----><!----><!----></div><!----><div class="margin-top--one"><!----><div data-v-4e03913c="" class="pdl-add-to-cart"><div data-v-4e03913c="" class="pdl-add-to-cart_button"><button data-v-4e03913c="" aria-label="Add to Cart" data-product-id="162944" data-price="11.79" class="button button--add-to-cart"> Add to Cart <!----></button><!----></div><!----></div></div><!----></div></div><!----><!----><div class="product-tile_action-items"><!----><!----><div class="shopping-list-menu_container"><div><button aria-label="add to shopping list" class="button pdl-product-detail_top-icon button--fourth pdl-product-detail_top-icon--borderless"><!----><div class="vector-icon-size--large"><svg xmlns="http://www.w3.org/2000/svg" aria-label="Shopping List Icon Add" viewBox="0 0 32 32" role="presentation" aria-hidden="true" focusable="false" class="vector-icon-color--dark-grey"><title lang="en">Shopping List Icon Add</title><desc></desc><g fill="" stroke=""><path d="M21.94066,15.3368884 L21.94066,12.8931995 C21.94066,12.3409148 22.3883752,11.8931995 22.94066,11.8931995 C23.4929447,11.8931995 23.94066,12.3409148 23.94066,12.8931995 L23.94066,15.3368884 L26.2522624,15.3368884 C26.8045471,15.3368884 27.2522624,15.7846037 27.2522624,16.3368884 C27.2522624,16.8891732 26.8045471,17.3368884 26.2522624,17.3368884 L23.94066,17.3368884 L23.94066,19.8787952 C23.94066,20.43108 23.4929447,20.8787952 22.94066,20.8787952 C22.3883752,20.8787952 21.94066,20.43108 21.94066,19.8787952 L21.94066,17.3368884 L19.2666667,17.3368884 C18.7143819,17.3368884 18.2666667,16.8891732 18.2666667,16.3368884 C18.2666667,15.7846037 18.7143819,15.3368884 19.2666667,15.3368884 L21.94066,15.3368884 Z M8,12 C7.44771525,12 7,11.5522847 7,11 C7,10.4477153 7.44771525,10 8,10 L19.1153581,10 C19.6676429,10 20.1153581,10.4477153 20.1153581,11 C20.1153581,11.5522847 19.6676429,12 19.1153581,12 L8,12 Z M8,17.3368884 C7.44771525,17.3368884 7,16.8891732 7,16.3368884 C7,15.7846037 7.44771525,15.3368884 8,15.3368884 L14.7200696,15.3368884 C15.2723543,15.3368884 15.7200696,15.7846037 15.7200696,16.3368884 C15.7200696,16.8891732 15.2723543,17.3368884 14.7200696,17.3368884 L8,17.3368884 Z M8,23 C7.44771525,23 7,22.5522847 7,22 C7,21.4477153 7.44771525,21 8,21 L19.1153581,21 C19.6676429,21 20.1153581,21.4477153 20.1153581,22 C20.1153581,22.5522847 19.6676429,23 19.1153581,23 L8,23 Z" fill="#000000" fill-rule="nonzero"></path></g></svg></div><div class="pdl-product-detail_list-tooltip"><p>Add item to shopping list</p><i></i></div></button><!----></div></div></div><!----></li><!----><!----><!----><li id="product-95" tabindex="-1" data-product-id="164158" aria-label="Cesar Sunrise Dog Food Grilled Steak &amp; Eggs Flavor" class="tile product-cell product-grid-cell"><!----><!----><!----><div class="product-tile_content"><div><!----><div class="flag_outer-container"><!----><!----><!----></div></div><!----><div><img src="./Search Results _ Giant_files/27L4X.png" alt="Cesar Sunrise Dog Food Grilled Steak &amp; Eggs Flavor" class="product-grid-image product-grid-cell_main-image"></div><div class="product-grid-cell_price-tag product-grid-cell_price-tag--full-tile"><div class="product-tile_detail"><div class="product-grid-cell_price-container"><span role="link" class="product-grid-cell_main-price"> $0.95 </span><!----></div></div><div class="product-tile_detail-title"><div data-v-7b5b6b2c="" role="link" tabindex="0" class="product-grid-cell_name"><h3 data-v-7b5b6b2c="" aria-label="Cesar Sunrise Dog Food Grilled Steak &amp; Eggs Flavor" class="product-grid-cell_name-text product-grid-cell_name-text--small"><!----> Cesar Sunrise Dog Food Grilled Steak &amp; Eggs Flavor </h3></div><div role="link" class="product-grid-cell_sizes"><span class="product-grid-cell_size"> 3.5 OZ PKG </span><span aria-hidden="true"> | </span><!----><span class="product-grid-cell_unit"> $0.27 / OZ </span></div><!----></div><div class="product-grid-cell_promo-name"><!----><!----><!----><!----><!----></div><!----><div class="margin-top--one"><!----><div data-v-4e03913c="" class="pdl-add-to-cart"><div data-v-4e03913c="" class="pdl-add-to-cart_button"><button data-v-4e03913c="" aria-label="Add to Cart" data-product-id="164158" data-price="0.95" class="button button--add-to-cart"> Add to Cart <!----></button><!----></div><!----></div></div><!----></div></div><!----><!----><div class="product-tile_action-items"><!----><!----><div class="shopping-list-menu_container"><div><button aria-label="add to shopping list" class="button pdl-product-detail_top-icon button--fourth pdl-product-detail_top-icon--borderless"><!----><div class="vector-icon-size--large"><svg xmlns="http://www.w3.org/2000/svg" aria-label="Shopping List Icon Add" viewBox="0 0 32 32" role="presentation" aria-hidden="true" focusable="false" class="vector-icon-color--dark-grey"><title lang="en">Shopping List Icon Add</title><desc></desc><g fill="" stroke=""><path d="M21.94066,15.3368884 L21.94066,12.8931995 C21.94066,12.3409148 22.3883752,11.8931995 22.94066,11.8931995 C23.4929447,11.8931995 23.94066,12.3409148 23.94066,12.8931995 L23.94066,15.3368884 L26.2522624,15.3368884 C26.8045471,15.3368884 27.2522624,15.7846037 27.2522624,16.3368884 C27.2522624,16.8891732 26.8045471,17.3368884 26.2522624,17.3368884 L23.94066,17.3368884 L23.94066,19.8787952 C23.94066,20.43108 23.4929447,20.8787952 22.94066,20.8787952 C22.3883752,20.8787952 21.94066,20.43108 21.94066,19.8787952 L21.94066,17.3368884 L19.2666667,17.3368884 C18.7143819,17.3368884 18.2666667,16.8891732 18.2666667,16.3368884 C18.2666667,15.7846037 18.7143819,15.3368884 19.2666667,15.3368884 L21.94066,15.3368884 Z M8,12 C7.44771525,12 7,11.5522847 7,11 C7,10.4477153 7.44771525,10 8,10 L19.1153581,10 C19.6676429,10 20.1153581,10.4477153 20.1153581,11 C20.1153581,11.5522847 19.6676429,12 19.1153581,12 L8,12 Z M8,17.3368884 C7.44771525,17.3368884 7,16.8891732 7,16.3368884 C7,15.7846037 7.44771525,15.3368884 8,15.3368884 L14.7200696,15.3368884 C15.2723543,15.3368884 15.7200696,15.7846037 15.7200696,16.3368884 C15.7200696,16.8891732 15.2723543,17.3368884 14.7200696,17.3368884 L8,17.3368884 Z M8,23 C7.44771525,23 7,22.5522847 7,22 C7,21.4477153 7.44771525,21 8,21 L19.1153581,21 C19.6676429,21 20.1153581,21.4477153 20.1153581,22 C20.1153581,22.5522847 19.6676429,23 19.1153581,23 L8,23 Z" fill="#000000" fill-rule="nonzero"></path></g></svg></div><div class="pdl-product-detail_list-tooltip"><p>Add item to shopping list</p><i></i></div></button><!----></div></div></div><!----></li><!----><!----><!----><li id="product-96" tabindex="-1" data-product-id="164159" aria-label="Cesar Classic Loaf in Sauce Dog Food with Smoked Bacon &amp; Egg" class="tile product-cell product-grid-cell"><!----><!----><!----><div class="product-tile_content"><div><!----><div class="flag_outer-container"><!----><!----><!----></div></div><!----><div><img src="./Search Results _ Giant_files/JSE58.png" alt="Cesar Classic Loaf in Sauce Dog Food with Smoked Bacon &amp; Egg" class="product-grid-image product-grid-cell_main-image"></div><div class="product-grid-cell_price-tag product-grid-cell_price-tag--full-tile"><div class="product-tile_detail"><div class="product-grid-cell_price-container"><span role="link" class="product-grid-cell_main-price"> $0.95 </span><!----></div></div><div class="product-tile_detail-title"><div data-v-7b5b6b2c="" role="link" tabindex="0" class="product-grid-cell_name"><h3 data-v-7b5b6b2c="" aria-label="Cesar Classic Loaf in Sauce Dog Food with Smoked Bacon &amp; Egg" class="product-grid-cell_name-text product-grid-cell_name-text--small"><!----> Cesar Classic Loaf in Sauce Dog Food with Smoked Bacon &amp; Egg </h3></div><div role="link" class="product-grid-cell_sizes"><span class="product-grid-cell_size"> 3.5 OZ PKG </span><span aria-hidden="true"> | </span><!----><span class="product-grid-cell_unit"> $0.27 / OZ </span></div><!----></div><div class="product-grid-cell_promo-name"><!----><!----><!----><!----><!----></div><!----><div class="margin-top--one"><!----><div data-v-4e03913c="" class="pdl-add-to-cart"><div data-v-4e03913c="" class="pdl-add-to-cart_button"><button data-v-4e03913c="" aria-label="Add to Cart" data-product-id="164159" data-price="0.95" class="button button--add-to-cart"> Add to Cart <!----></button><!----></div><!----></div></div><!----></div></div><!----><!----><div class="product-tile_action-items"><!----><!----><div class="shopping-list-menu_container"><div><button aria-label="add to shopping list" class="button pdl-product-detail_top-icon button--fourth pdl-product-detail_top-icon--borderless"><!----><div class="vector-icon-size--large"><svg xmlns="http://www.w3.org/2000/svg" aria-label="Shopping List Icon Add" viewBox="0 0 32 32" role="presentation" aria-hidden="true" focusable="false" class="vector-icon-color--dark-grey"><title lang="en">Shopping List Icon Add</title><desc></desc><g fill="" stroke=""><path d="M21.94066,15.3368884 L21.94066,12.8931995 C21.94066,12.3409148 22.3883752,11.8931995 22.94066,11.8931995 C23.4929447,11.8931995 23.94066,12.3409148 23.94066,12.8931995 L23.94066,15.3368884 L26.2522624,15.3368884 C26.8045471,15.3368884 27.2522624,15.7846037 27.2522624,16.3368884 C27.2522624,16.8891732 26.8045471,17.3368884 26.2522624,17.3368884 L23.94066,17.3368884 L23.94066,19.8787952 C23.94066,20.43108 23.4929447,20.8787952 22.94066,20.8787952 C22.3883752,20.8787952 21.94066,20.43108 21.94066,19.8787952 L21.94066,17.3368884 L19.2666667,17.3368884 C18.7143819,17.3368884 18.2666667,16.8891732 18.2666667,16.3368884 C18.2666667,15.7846037 18.7143819,15.3368884 19.2666667,15.3368884 L21.94066,15.3368884 Z M8,12 C7.44771525,12 7,11.5522847 7,11 C7,10.4477153 7.44771525,10 8,10 L19.1153581,10 C19.6676429,10 20.1153581,10.4477153 20.1153581,11 C20.1153581,11.5522847 19.6676429,12 19.1153581,12 L8,12 Z M8,17.3368884 C7.44771525,17.3368884 7,16.8891732 7,16.3368884 C7,15.7846037 7.44771525,15.3368884 8,15.3368884 L14.7200696,15.3368884 C15.2723543,15.3368884 15.7200696,15.7846037 15.7200696,16.3368884 C15.7200696,16.8891732 15.2723543,17.3368884 14.7200696,17.3368884 L8,17.3368884 Z M8,23 C7.44771525,23 7,22.5522847 7,22 C7,21.4477153 7.44771525,21 8,21 L19.1153581,21 C19.6676429,21 20.1153581,21.4477153 20.1153581,22 C20.1153581,22.5522847 19.6676429,23 19.1153581,23 L8,23 Z" fill="#000000" fill-rule="nonzero"></path></g></svg></div><div class="pdl-product-detail_list-tooltip"><p>Add item to shopping list</p><i></i></div></button><!----></div></div></div><!----></li><!----><!----><!----><li id="product-97" tabindex="-1" data-product-id="167102" aria-label="Jimmy Dean Breakfast Bowl Sausage &amp; Gravy" class="tile product-cell product-grid-cell"><!----><!----><!----><div class="product-tile_content"><div><!----><div class="flag_outer-container"><!----><!----><!----></div></div><!----><div><img src="./Search Results _ Giant_files/7JUIH.jpg" alt="Jimmy Dean Breakfast Bowl Sausage &amp; Gravy" class="product-grid-image product-grid-cell_main-image"></div><div class="product-grid-cell_price-tag product-grid-cell_price-tag--full-tile"><div class="product-tile_detail"><div class="product-grid-cell_price-container"><span role="link" class="product-grid-cell_main-price"> $3.59 </span><!----></div></div><div class="product-tile_detail-title"><div data-v-7b5b6b2c="" role="link" tabindex="0" class="product-grid-cell_name"><h3 data-v-7b5b6b2c="" aria-label="Jimmy Dean Breakfast Bowl Sausage &amp; Gravy" class="product-grid-cell_name-text product-grid-cell_name-text--small"><!----> Jimmy Dean Breakfast Bowl Sausage &amp; Gravy </h3></div><div role="link" class="product-grid-cell_sizes"><span class="product-grid-cell_size"> 7 OZ BOWL </span><span aria-hidden="true"> | </span><!----><span class="product-grid-cell_unit"> $0.51 / OZ </span></div><!----></div><div class="product-grid-cell_promo-name"><!----><!----><!----><!----><!----></div><!----><div class="margin-top--one"><!----><div data-v-4e03913c="" class="pdl-add-to-cart"><div data-v-4e03913c="" class="pdl-add-to-cart_button"><button data-v-4e03913c="" aria-label="Add to Cart" data-product-id="167102" data-price="3.59" class="button button--add-to-cart"> Add to Cart <!----></button><!----></div><!----></div></div><!----></div></div><!----><!----><div class="product-tile_action-items"><!----><!----><div class="shopping-list-menu_container"><div><button aria-label="add to shopping list" class="button pdl-product-detail_top-icon button--fourth pdl-product-detail_top-icon--borderless"><!----><div class="vector-icon-size--large"><svg xmlns="http://www.w3.org/2000/svg" aria-label="Shopping List Icon Add" viewBox="0 0 32 32" role="presentation" aria-hidden="true" focusable="false" class="vector-icon-color--dark-grey"><title lang="en">Shopping List Icon Add</title><desc></desc><g fill="" stroke=""><path d="M21.94066,15.3368884 L21.94066,12.8931995 C21.94066,12.3409148 22.3883752,11.8931995 22.94066,11.8931995 C23.4929447,11.8931995 23.94066,12.3409148 23.94066,12.8931995 L23.94066,15.3368884 L26.2522624,15.3368884 C26.8045471,15.3368884 27.2522624,15.7846037 27.2522624,16.3368884 C27.2522624,16.8891732 26.8045471,17.3368884 26.2522624,17.3368884 L23.94066,17.3368884 L23.94066,19.8787952 C23.94066,20.43108 23.4929447,20.8787952 22.94066,20.8787952 C22.3883752,20.8787952 21.94066,20.43108 21.94066,19.8787952 L21.94066,17.3368884 L19.2666667,17.3368884 C18.7143819,17.3368884 18.2666667,16.8891732 18.2666667,16.3368884 C18.2666667,15.7846037 18.7143819,15.3368884 19.2666667,15.3368884 L21.94066,15.3368884 Z M8,12 C7.44771525,12 7,11.5522847 7,11 C7,10.4477153 7.44771525,10 8,10 L19.1153581,10 C19.6676429,10 20.1153581,10.4477153 20.1153581,11 C20.1153581,11.5522847 19.6676429,12 19.1153581,12 L8,12 Z M8,17.3368884 C7.44771525,17.3368884 7,16.8891732 7,16.3368884 C7,15.7846037 7.44771525,15.3368884 8,15.3368884 L14.7200696,15.3368884 C15.2723543,15.3368884 15.7200696,15.7846037 15.7200696,16.3368884 C15.7200696,16.8891732 15.2723543,17.3368884 14.7200696,17.3368884 L8,17.3368884 Z M8,23 C7.44771525,23 7,22.5522847 7,22 C7,21.4477153 7.44771525,21 8,21 L19.1153581,21 C19.6676429,21 20.1153581,21.4477153 20.1153581,22 C20.1153581,22.5522847 19.6676429,23 19.1153581,23 L8,23 Z" fill="#000000" fill-rule="nonzero"></path></g></svg></div><div class="pdl-product-detail_list-tooltip"><p>Add item to shopping list</p><i></i></div></button><!----></div></div></div><!----></li><!----><!----><!----><li id="product-98" tabindex="-1" data-product-id="172181" aria-label="Bionaturae Traditional Egg Pasta Pappardelle 100% Organic" class="tile product-cell product-grid-cell"><!----><!----><!----><div class="product-tile_content"><div><!----><div class="flag_outer-container"><span class="flag_label flag_label--tomato"> Sale </span><!----><!----></div></div><!----><div><img src="./Search Results _ Giant_files/MATLN.jpg" alt="Bionaturae Traditional Egg Pasta Pappardelle 100% Organic" class="product-grid-image product-grid-cell_main-image"></div><div class="product-grid-cell_price-tag product-grid-cell_price-tag--full-tile"><div class="product-tile_detail"><div class="product-grid-cell_price-container product-grid-cell_price-container_column"><span role="link" class="product-grid-cell_main-price product-grid-cell_main-price--on-sale"> $3.99 </span><div class="product-grid-cell_was-container"><span class="product-grid-cell_regular-price product-grid-cell_regular-price--small"> $4.49 </span></div></div></div><div class="product-tile_detail-title"><div data-v-7b5b6b2c="" role="link" tabindex="0" class="product-grid-cell_name"><h3 data-v-7b5b6b2c="" aria-label="Bionaturae Traditional Egg Pasta Pappardelle 100% Organic" class="product-grid-cell_name-text product-grid-cell_name-text--small"><!----> Bionaturae Traditional Egg Pasta Pappardelle 100% Organic </h3></div><div role="link" class="product-grid-cell_sizes"><span class="product-grid-cell_size"> 8.8 OZ BAG </span><span aria-hidden="true"> | </span><!----><span class="product-grid-cell_unit"> $0.45 / OZ </span></div><!----></div><div class="product-grid-cell_promo-name"><!----><!----><!----><!----><!----></div><!----><div class="margin-top--one"><!----><div data-v-4e03913c="" class="pdl-add-to-cart"><div data-v-4e03913c="" class="pdl-add-to-cart_button"><button data-v-4e03913c="" aria-label="Add to Cart" data-product-id="172181" data-price="3.99" class="button button--add-to-cart"> Add to Cart <!----></button><!----></div><!----></div></div><!----></div></div><!----><!----><div class="product-tile_action-items"><!----><!----><div class="shopping-list-menu_container"><div><button aria-label="add to shopping list" class="button pdl-product-detail_top-icon button--fourth pdl-product-detail_top-icon--borderless"><!----><div class="vector-icon-size--large"><svg xmlns="http://www.w3.org/2000/svg" aria-label="Shopping List Icon Add" viewBox="0 0 32 32" role="presentation" aria-hidden="true" focusable="false" class="vector-icon-color--dark-grey"><title lang="en">Shopping List Icon Add</title><desc></desc><g fill="" stroke=""><path d="M21.94066,15.3368884 L21.94066,12.8931995 C21.94066,12.3409148 22.3883752,11.8931995 22.94066,11.8931995 C23.4929447,11.8931995 23.94066,12.3409148 23.94066,12.8931995 L23.94066,15.3368884 L26.2522624,15.3368884 C26.8045471,15.3368884 27.2522624,15.7846037 27.2522624,16.3368884 C27.2522624,16.8891732 26.8045471,17.3368884 26.2522624,17.3368884 L23.94066,17.3368884 L23.94066,19.8787952 C23.94066,20.43108 23.4929447,20.8787952 22.94066,20.8787952 C22.3883752,20.8787952 21.94066,20.43108 21.94066,19.8787952 L21.94066,17.3368884 L19.2666667,17.3368884 C18.7143819,17.3368884 18.2666667,16.8891732 18.2666667,16.3368884 C18.2666667,15.7846037 18.7143819,15.3368884 19.2666667,15.3368884 L21.94066,15.3368884 Z M8,12 C7.44771525,12 7,11.5522847 7,11 C7,10.4477153 7.44771525,10 8,10 L19.1153581,10 C19.6676429,10 20.1153581,10.4477153 20.1153581,11 C20.1153581,11.5522847 19.6676429,12 19.1153581,12 L8,12 Z M8,17.3368884 C7.44771525,17.3368884 7,16.8891732 7,16.3368884 C7,15.7846037 7.44771525,15.3368884 8,15.3368884 L14.7200696,15.3368884 C15.2723543,15.3368884 15.7200696,15.7846037 15.7200696,16.3368884 C15.7200696,16.8891732 15.2723543,17.3368884 14.7200696,17.3368884 L8,17.3368884 Z M8,23 C7.44771525,23 7,22.5522847 7,22 C7,21.4477153 7.44771525,21 8,21 L19.1153581,21 C19.6676429,21 20.1153581,21.4477153 20.1153581,22 C20.1153581,22.5522847 19.6676429,23 19.1153581,23 L8,23 Z" fill="#000000" fill-rule="nonzero"></path></g></svg></div><div class="pdl-product-detail_list-tooltip"><p>Add item to shopping list</p><i></i></div></button><!----></div></div></div><!----></li><!----><!----><!----><li id="product-99" tabindex="-1" data-product-id="184368" aria-label="Cesar Classic Loaf in Sauce Dog Food Scrambled Egg &amp; Sausage Flavor" class="tile product-cell product-grid-cell"><!----><!----><!----><div class="product-tile_content"><div><!----><div class="flag_outer-container"><!----><!----><!----></div></div><!----><div><img src="./Search Results _ Giant_files/0Q3UF.png" alt="Cesar Classic Loaf in Sauce Dog Food Scrambled Egg &amp; Sausage Flavor" class="product-grid-image product-grid-cell_main-image"></div><div class="product-grid-cell_price-tag product-grid-cell_price-tag--full-tile"><div class="product-tile_detail"><div class="product-grid-cell_price-container"><span role="link" class="product-grid-cell_main-price"> $0.95 </span><!----></div></div><div class="product-tile_detail-title"><div data-v-7b5b6b2c="" role="link" tabindex="0" class="product-grid-cell_name"><h3 data-v-7b5b6b2c="" aria-label="Cesar Classic Loaf in Sauce Dog Food Scrambled Egg &amp; Sausage Flavor" class="product-grid-cell_name-text product-grid-cell_name-text--small"><!----> Cesar Classic Loaf in Sauce Dog Food Scrambled Egg &amp; Sausage Flavor </h3></div><div role="link" class="product-grid-cell_sizes"><span class="product-grid-cell_size"> 3.5 OZ PKG </span><span aria-hidden="true"> | </span><!----><span class="product-grid-cell_unit"> $0.27 / OZ </span></div><!----></div><div class="product-grid-cell_promo-name"><!----><!----><!----><!----><!----></div><!----><div class="margin-top--one"><!----><div data-v-4e03913c="" class="pdl-add-to-cart"><div data-v-4e03913c="" class="pdl-add-to-cart_button"><button data-v-4e03913c="" aria-label="Add to Cart" data-product-id="184368" data-price="0.95" class="button button--add-to-cart"> Add to Cart <!----></button><!----></div><!----></div></div><!----></div></div><!----><!----><div class="product-tile_action-items"><!----><!----><div class="shopping-list-menu_container"><div><button aria-label="add to shopping list" class="button pdl-product-detail_top-icon button--fourth pdl-product-detail_top-icon--borderless"><!----><div class="vector-icon-size--large"><svg xmlns="http://www.w3.org/2000/svg" aria-label="Shopping List Icon Add" viewBox="0 0 32 32" role="presentation" aria-hidden="true" focusable="false" class="vector-icon-color--dark-grey"><title lang="en">Shopping List Icon Add</title><desc></desc><g fill="" stroke=""><path d="M21.94066,15.3368884 L21.94066,12.8931995 C21.94066,12.3409148 22.3883752,11.8931995 22.94066,11.8931995 C23.4929447,11.8931995 23.94066,12.3409148 23.94066,12.8931995 L23.94066,15.3368884 L26.2522624,15.3368884 C26.8045471,15.3368884 27.2522624,15.7846037 27.2522624,16.3368884 C27.2522624,16.8891732 26.8045471,17.3368884 26.2522624,17.3368884 L23.94066,17.3368884 L23.94066,19.8787952 C23.94066,20.43108 23.4929447,20.8787952 22.94066,20.8787952 C22.3883752,20.8787952 21.94066,20.43108 21.94066,19.8787952 L21.94066,17.3368884 L19.2666667,17.3368884 C18.7143819,17.3368884 18.2666667,16.8891732 18.2666667,16.3368884 C18.2666667,15.7846037 18.7143819,15.3368884 19.2666667,15.3368884 L21.94066,15.3368884 Z M8,12 C7.44771525,12 7,11.5522847 7,11 C7,10.4477153 7.44771525,10 8,10 L19.1153581,10 C19.6676429,10 20.1153581,10.4477153 20.1153581,11 C20.1153581,11.5522847 19.6676429,12 19.1153581,12 L8,12 Z M8,17.3368884 C7.44771525,17.3368884 7,16.8891732 7,16.3368884 C7,15.7846037 7.44771525,15.3368884 8,15.3368884 L14.7200696,15.3368884 C15.2723543,15.3368884 15.7200696,15.7846037 15.7200696,16.3368884 C15.7200696,16.8891732 15.2723543,17.3368884 14.7200696,17.3368884 L8,17.3368884 Z M8,23 C7.44771525,23 7,22.5522847 7,22 C7,21.4477153 7.44771525,21 8,21 L19.1153581,21 C19.6676429,21 20.1153581,21.4477153 20.1153581,22 C20.1153581,22.5522847 19.6676429,23 19.1153581,23 L8,23 Z" fill="#000000" fill-rule="nonzero"></path></g></svg></div><div class="pdl-product-detail_list-tooltip"><p>Add item to shopping list</p><i></i></div></button><!----></div></div></div><!----></li><!----><!----><!----><li id="product-100" tabindex="-1" data-product-id="193911" aria-label="Cesar Loaf &amp; Topper in Sauce Wet Dog Food Ham &amp; Egg Flavor" class="tile product-cell product-grid-cell"><!----><!----><!----><div class="product-tile_content"><div><!----><div class="flag_outer-container"><!----><!----><!----></div></div><!----><div><img src="./Search Results _ Giant_files/Q84EX.png" alt="Cesar Loaf &amp; Topper in Sauce Wet Dog Food Ham &amp; Egg Flavor" class="product-grid-image product-grid-cell_main-image"></div><div class="product-grid-cell_price-tag product-grid-cell_price-tag--full-tile"><div class="product-tile_detail"><div class="product-grid-cell_price-container"><span role="link" class="product-grid-cell_main-price"> $0.95 </span><!----></div></div><div class="product-tile_detail-title"><div data-v-7b5b6b2c="" role="link" tabindex="0" class="product-grid-cell_name"><h3 data-v-7b5b6b2c="" aria-label="Cesar Loaf &amp; Topper in Sauce Wet Dog Food Ham &amp; Egg Flavor" class="product-grid-cell_name-text product-grid-cell_name-text--small"><!----> Cesar Loaf &amp; Topper in Sauce Wet Dog Food Ham &amp; Egg Flavor </h3></div><div role="link" class="product-grid-cell_sizes"><span class="product-grid-cell_size"> 3.5 OZ PKG </span><span aria-hidden="true"> | </span><!----><span class="product-grid-cell_unit"> $0.27 / OZ </span></div><!----></div><div class="product-grid-cell_promo-name"><!----><!----><!----><!----><!----></div><!----><div class="margin-top--one"><!----><div data-v-4e03913c="" class="pdl-add-to-cart"><div data-v-4e03913c="" class="pdl-add-to-cart_button"><button data-v-4e03913c="" aria-label="Add to Cart" data-product-id="193911" data-price="0.95" class="button button--add-to-cart"> Add to Cart <!----></button><!----></div><!----></div></div><!----></div></div><!----><!----><div class="product-tile_action-items"><!----><!----><div class="shopping-list-menu_container"><div><button aria-label="add to shopping list" class="button pdl-product-detail_top-icon button--fourth pdl-product-detail_top-icon--borderless"><!----><div class="vector-icon-size--large"><svg xmlns="http://www.w3.org/2000/svg" aria-label="Shopping List Icon Add" viewBox="0 0 32 32" role="presentation" aria-hidden="true" focusable="false" class="vector-icon-color--dark-grey"><title lang="en">Shopping List Icon Add</title><desc></desc><g fill="" stroke=""><path d="M21.94066,15.3368884 L21.94066,12.8931995 C21.94066,12.3409148 22.3883752,11.8931995 22.94066,11.8931995 C23.4929447,11.8931995 23.94066,12.3409148 23.94066,12.8931995 L23.94066,15.3368884 L26.2522624,15.3368884 C26.8045471,15.3368884 27.2522624,15.7846037 27.2522624,16.3368884 C27.2522624,16.8891732 26.8045471,17.3368884 26.2522624,17.3368884 L23.94066,17.3368884 L23.94066,19.8787952 C23.94066,20.43108 23.4929447,20.8787952 22.94066,20.8787952 C22.3883752,20.8787952 21.94066,20.43108 21.94066,19.8787952 L21.94066,17.3368884 L19.2666667,17.3368884 C18.7143819,17.3368884 18.2666667,16.8891732 18.2666667,16.3368884 C18.2666667,15.7846037 18.7143819,15.3368884 19.2666667,15.3368884 L21.94066,15.3368884 Z M8,12 C7.44771525,12 7,11.5522847 7,11 C7,10.4477153 7.44771525,10 8,10 L19.1153581,10 C19.6676429,10 20.1153581,10.4477153 20.1153581,11 C20.1153581,11.5522847 19.6676429,12 19.1153581,12 L8,12 Z M8,17.3368884 C7.44771525,17.3368884 7,16.8891732 7,16.3368884 C7,15.7846037 7.44771525,15.3368884 8,15.3368884 L14.7200696,15.3368884 C15.2723543,15.3368884 15.7200696,15.7846037 15.7200696,16.3368884 C15.7200696,16.8891732 15.2723543,17.3368884 14.7200696,17.3368884 L8,17.3368884 Z M8,23 C7.44771525,23 7,22.5522847 7,22 C7,21.4477153 7.44771525,21 8,21 L19.1153581,21 C19.6676429,21 20.1153581,21.4477153 20.1153581,22 C20.1153581,22.5522847 19.6676429,23 19.1153581,23 L8,23 Z" fill="#000000" fill-rule="nonzero"></path></g></svg></div><div class="pdl-product-detail_list-tooltip"><p>Add item to shopping list</p><i></i></div></button><!----></div></div></div><!----></li><!----><!----><!----><li id="product-101" tabindex="-1" data-product-id="199280" aria-label="Jimmy Dean Breakfast Bowls Meat Lovers" class="tile product-cell product-grid-cell"><!----><!----><!----><div class="product-tile_content"><div><!----><div class="flag_outer-container"><!----><!----><!----></div></div><!----><div><img src="./Search Results _ Giant_files/8UQ61.png" alt="Jimmy Dean Breakfast Bowls Meat Lovers" class="product-grid-image product-grid-cell_main-image"></div><div class="product-grid-cell_price-tag product-grid-cell_price-tag--full-tile"><div class="product-tile_detail"><div class="product-grid-cell_price-container"><span role="link" class="product-grid-cell_main-price"> $3.59 </span><!----></div></div><div class="product-tile_detail-title"><div data-v-7b5b6b2c="" role="link" tabindex="0" class="product-grid-cell_name"><h3 data-v-7b5b6b2c="" aria-label="Jimmy Dean Breakfast Bowls Meat Lovers" class="product-grid-cell_name-text product-grid-cell_name-text--small"><!----> Jimmy Dean Breakfast Bowls Meat Lovers </h3></div><div role="link" class="product-grid-cell_sizes"><span class="product-grid-cell_size"> 7 OZ BOX </span><span aria-hidden="true"> | </span><!----><span class="product-grid-cell_unit"> $0.51 / OZ </span></div><!----></div><div class="product-grid-cell_promo-name"><!----><!----><!----><!----><!----></div><!----><div class="margin-top--one"><!----><div data-v-4e03913c="" class="pdl-add-to-cart"><div data-v-4e03913c="" class="pdl-add-to-cart_button"><button data-v-4e03913c="" aria-label="Add to Cart" data-product-id="199280" data-price="3.59" class="button button--add-to-cart"> Add to Cart <!----></button><!----></div><!----></div></div><!----></div></div><!----><!----><div class="product-tile_action-items"><!----><!----><div class="shopping-list-menu_container"><div><button aria-label="add to shopping list" class="button pdl-product-detail_top-icon button--fourth pdl-product-detail_top-icon--borderless"><!----><div class="vector-icon-size--large"><svg xmlns="http://www.w3.org/2000/svg" aria-label="Shopping List Icon Add" viewBox="0 0 32 32" role="presentation" aria-hidden="true" focusable="false" class="vector-icon-color--dark-grey"><title lang="en">Shopping List Icon Add</title><desc></desc><g fill="" stroke=""><path d="M21.94066,15.3368884 L21.94066,12.8931995 C21.94066,12.3409148 22.3883752,11.8931995 22.94066,11.8931995 C23.4929447,11.8931995 23.94066,12.3409148 23.94066,12.8931995 L23.94066,15.3368884 L26.2522624,15.3368884 C26.8045471,15.3368884 27.2522624,15.7846037 27.2522624,16.3368884 C27.2522624,16.8891732 26.8045471,17.3368884 26.2522624,17.3368884 L23.94066,17.3368884 L23.94066,19.8787952 C23.94066,20.43108 23.4929447,20.8787952 22.94066,20.8787952 C22.3883752,20.8787952 21.94066,20.43108 21.94066,19.8787952 L21.94066,17.3368884 L19.2666667,17.3368884 C18.7143819,17.3368884 18.2666667,16.8891732 18.2666667,16.3368884 C18.2666667,15.7846037 18.7143819,15.3368884 19.2666667,15.3368884 L21.94066,15.3368884 Z M8,12 C7.44771525,12 7,11.5522847 7,11 C7,10.4477153 7.44771525,10 8,10 L19.1153581,10 C19.6676429,10 20.1153581,10.4477153 20.1153581,11 C20.1153581,11.5522847 19.6676429,12 19.1153581,12 L8,12 Z M8,17.3368884 C7.44771525,17.3368884 7,16.8891732 7,16.3368884 C7,15.7846037 7.44771525,15.3368884 8,15.3368884 L14.7200696,15.3368884 C15.2723543,15.3368884 15.7200696,15.7846037 15.7200696,16.3368884 C15.7200696,16.8891732 15.2723543,17.3368884 14.7200696,17.3368884 L8,17.3368884 Z M8,23 C7.44771525,23 7,22.5522847 7,22 C7,21.4477153 7.44771525,21 8,21 L19.1153581,21 C19.6676429,21 20.1153581,21.4477153 20.1153581,22 C20.1153581,22.5522847 19.6676429,23 19.1153581,23 L8,23 Z" fill="#000000" fill-rule="nonzero"></path></g></svg></div><div class="pdl-product-detail_list-tooltip"><p>Add item to shopping list</p><i></i></div></button><!----></div></div></div><!----></li><!----><!----><!----><li id="product-102" tabindex="-1" data-product-id="205860" aria-label="Purina Beyond Superfood Blend Dog Food Salmon Egg &amp; Pumpkin Natural" class="tile product-cell product-grid-cell"><!----><!----><!----><div class="product-tile_content"><div><!----><div class="flag_outer-container"><!----><!----><!----></div></div><!----><div><img src="./Search Results _ Giant_files/FWGMK.png" alt="Purina Beyond Superfood Blend Dog Food Salmon Egg &amp; Pumpkin Natural" class="product-grid-image product-grid-cell_main-image"></div><div class="product-grid-cell_price-tag product-grid-cell_price-tag--full-tile"><div class="product-tile_detail"><div class="product-grid-cell_price-container"><span role="link" class="product-grid-cell_main-price"> $29.99 </span><!----></div></div><div class="product-tile_detail-title"><div data-v-7b5b6b2c="" role="link" tabindex="0" class="product-grid-cell_name"><h3 data-v-7b5b6b2c="" aria-label="Purina Beyond Superfood Blend Dog Food Salmon Egg &amp; Pumpkin Natural" class="product-grid-cell_name-text product-grid-cell_name-text--small"><!----> Purina Beyond Superfood Blend Dog Food Salmon Egg &amp; Pumpkin Natural </h3></div><div role="link" class="product-grid-cell_sizes"><span class="product-grid-cell_size"> 14.5 LB BAG </span><span aria-hidden="true"> | </span><!----><span class="product-grid-cell_unit"> $0.13 / OZ </span></div><!----></div><div class="product-grid-cell_promo-name"><!----><!----><!----><!----><!----></div><!----><div class="margin-top--one"><!----><div data-v-4e03913c="" class="pdl-add-to-cart"><div data-v-4e03913c="" class="pdl-add-to-cart_button"><button data-v-4e03913c="" aria-label="Add to Cart" data-product-id="205860" data-price="29.99" class="button button--add-to-cart"> Add to Cart <!----></button><!----></div><!----></div></div><!----></div></div><!----><!----><div class="product-tile_action-items"><!----><!----><div class="shopping-list-menu_container"><div><button aria-label="add to shopping list" class="button pdl-product-detail_top-icon button--fourth pdl-product-detail_top-icon--borderless"><!----><div class="vector-icon-size--large"><svg xmlns="http://www.w3.org/2000/svg" aria-label="Shopping List Icon Add" viewBox="0 0 32 32" role="presentation" aria-hidden="true" focusable="false" class="vector-icon-color--dark-grey"><title lang="en">Shopping List Icon Add</title><desc></desc><g fill="" stroke=""><path d="M21.94066,15.3368884 L21.94066,12.8931995 C21.94066,12.3409148 22.3883752,11.8931995 22.94066,11.8931995 C23.4929447,11.8931995 23.94066,12.3409148 23.94066,12.8931995 L23.94066,15.3368884 L26.2522624,15.3368884 C26.8045471,15.3368884 27.2522624,15.7846037 27.2522624,16.3368884 C27.2522624,16.8891732 26.8045471,17.3368884 26.2522624,17.3368884 L23.94066,17.3368884 L23.94066,19.8787952 C23.94066,20.43108 23.4929447,20.8787952 22.94066,20.8787952 C22.3883752,20.8787952 21.94066,20.43108 21.94066,19.8787952 L21.94066,17.3368884 L19.2666667,17.3368884 C18.7143819,17.3368884 18.2666667,16.8891732 18.2666667,16.3368884 C18.2666667,15.7846037 18.7143819,15.3368884 19.2666667,15.3368884 L21.94066,15.3368884 Z M8,12 C7.44771525,12 7,11.5522847 7,11 C7,10.4477153 7.44771525,10 8,10 L19.1153581,10 C19.6676429,10 20.1153581,10.4477153 20.1153581,11 C20.1153581,11.5522847 19.6676429,12 19.1153581,12 L8,12 Z M8,17.3368884 C7.44771525,17.3368884 7,16.8891732 7,16.3368884 C7,15.7846037 7.44771525,15.3368884 8,15.3368884 L14.7200696,15.3368884 C15.2723543,15.3368884 15.7200696,15.7846037 15.7200696,16.3368884 C15.7200696,16.8891732 15.2723543,17.3368884 14.7200696,17.3368884 L8,17.3368884 Z M8,23 C7.44771525,23 7,22.5522847 7,22 C7,21.4477153 7.44771525,21 8,21 L19.1153581,21 C19.6676429,21 20.1153581,21.4477153 20.1153581,22 C20.1153581,22.5522847 19.6676429,23 19.1153581,23 L8,23 Z" fill="#000000" fill-rule="nonzero"></path></g></svg></div><div class="pdl-product-detail_list-tooltip"><p>Add item to shopping list</p><i></i></div></button><!----></div></div></div><!----></li><!----><!----><!----><li id="product-103" tabindex="-1" data-product-id="205861" aria-label="Purina Beyond Superfood Blend Natural Dog Food Salmon Egg &amp; Pumpkin" class="tile product-cell product-grid-cell"><!----><!----><!----><div class="product-tile_content"><div><!----><div class="flag_outer-container"><span class="flag_label flag_label--tomato"> Sale </span><!----><!----></div></div><!----><div><img src="./Search Results _ Giant_files/4UBLP.png" alt="Purina Beyond Superfood Blend Natural Dog Food Salmon Egg &amp; Pumpkin" class="product-grid-image product-grid-cell_main-image"></div><div class="product-grid-cell_price-tag product-grid-cell_price-tag--full-tile"><div class="product-tile_detail"><div class="product-grid-cell_price-container product-grid-cell_price-container_column"><span role="link" class="product-grid-cell_main-price product-grid-cell_main-price--on-sale"> $9.99 </span><div class="product-grid-cell_was-container"><span class="product-grid-cell_regular-price product-grid-cell_regular-price--small"> $10.49 </span></div></div></div><div class="product-tile_detail-title"><div data-v-7b5b6b2c="" role="link" tabindex="0" class="product-grid-cell_name"><h3 data-v-7b5b6b2c="" aria-label="Purina Beyond Superfood Blend Natural Dog Food Salmon Egg &amp; Pumpkin" class="product-grid-cell_name-text product-grid-cell_name-text--small"><!----> Purina Beyond Superfood Blend Natural Dog Food Salmon Egg &amp; Pumpkin </h3></div><div role="link" class="product-grid-cell_sizes"><span class="product-grid-cell_size"> 3.7 LB BAG </span><span aria-hidden="true"> | </span><!----><span class="product-grid-cell_unit"> $0.17 / OZ </span></div><!----></div><div class="product-grid-cell_promo-name"><!----><!----><!----><!----><!----></div><!----><div class="margin-top--one"><!----><div data-v-4e03913c="" class="pdl-add-to-cart"><div data-v-4e03913c="" class="pdl-add-to-cart_button"><button data-v-4e03913c="" aria-label="Add to Cart" data-product-id="205861" data-price="9.99" class="button button--add-to-cart"> Add to Cart <!----></button><!----></div><!----></div></div><!----></div></div><!----><!----><div class="product-tile_action-items"><!----><!----><div class="shopping-list-menu_container"><div><button aria-label="add to shopping list" class="button pdl-product-detail_top-icon button--fourth pdl-product-detail_top-icon--borderless"><!----><div class="vector-icon-size--large"><svg xmlns="http://www.w3.org/2000/svg" aria-label="Shopping List Icon Add" viewBox="0 0 32 32" role="presentation" aria-hidden="true" focusable="false" class="vector-icon-color--dark-grey"><title lang="en">Shopping List Icon Add</title><desc></desc><g fill="" stroke=""><path d="M21.94066,15.3368884 L21.94066,12.8931995 C21.94066,12.3409148 22.3883752,11.8931995 22.94066,11.8931995 C23.4929447,11.8931995 23.94066,12.3409148 23.94066,12.8931995 L23.94066,15.3368884 L26.2522624,15.3368884 C26.8045471,15.3368884 27.2522624,15.7846037 27.2522624,16.3368884 C27.2522624,16.8891732 26.8045471,17.3368884 26.2522624,17.3368884 L23.94066,17.3368884 L23.94066,19.8787952 C23.94066,20.43108 23.4929447,20.8787952 22.94066,20.8787952 C22.3883752,20.8787952 21.94066,20.43108 21.94066,19.8787952 L21.94066,17.3368884 L19.2666667,17.3368884 C18.7143819,17.3368884 18.2666667,16.8891732 18.2666667,16.3368884 C18.2666667,15.7846037 18.7143819,15.3368884 19.2666667,15.3368884 L21.94066,15.3368884 Z M8,12 C7.44771525,12 7,11.5522847 7,11 C7,10.4477153 7.44771525,10 8,10 L19.1153581,10 C19.6676429,10 20.1153581,10.4477153 20.1153581,11 C20.1153581,11.5522847 19.6676429,12 19.1153581,12 L8,12 Z M8,17.3368884 C7.44771525,17.3368884 7,16.8891732 7,16.3368884 C7,15.7846037 7.44771525,15.3368884 8,15.3368884 L14.7200696,15.3368884 C15.2723543,15.3368884 15.7200696,15.7846037 15.7200696,16.3368884 C15.7200696,16.8891732 15.2723543,17.3368884 14.7200696,17.3368884 L8,17.3368884 Z M8,23 C7.44771525,23 7,22.5522847 7,22 C7,21.4477153 7.44771525,21 8,21 L19.1153581,21 C19.6676429,21 20.1153581,21.4477153 20.1153581,22 C20.1153581,22.5522847 19.6676429,23 19.1153581,23 L8,23 Z" fill="#000000" fill-rule="nonzero"></path></g></svg></div><div class="pdl-product-detail_list-tooltip"><p>Add item to shopping list</p><i></i></div></button><!----></div></div></div><!----></li><!----><!----><!----><li id="product-104" tabindex="-1" data-product-id="206348" aria-label="Giant Deli Potato Salad Deviled Egg" class="tile product-cell product-grid-cell"><!----><!----><!----><div class="product-tile_content"><div><!----><div class="flag_outer-container"><!----><!----><!----></div></div><!----><div><img src="./Search Results _ Giant_files/X1DBI.png" alt="Giant Deli Potato Salad Deviled Egg" class="product-grid-image product-grid-cell_main-image"></div><div class="product-grid-cell_price-tag product-grid-cell_price-tag--full-tile"><div class="product-tile_detail"><div class="product-grid-cell_price-container"><span role="link" class="product-grid-cell_main-price"> $3.49 </span><!----></div></div><div class="product-tile_detail-title"><div data-v-7b5b6b2c="" role="link" tabindex="0" class="product-grid-cell_name"><h3 data-v-7b5b6b2c="" aria-label="Giant Deli Potato Salad Deviled Egg" class="product-grid-cell_name-text product-grid-cell_name-text--small"><span data-v-7b5b6b2c="" class="vector-icon_inline-text--left"><div data-v-7b5b6b2c="" class="vector-icon-size--xsmall"><svg xmlns="http://www.w3.org/2000/svg" aria-label="Ahold Icon" viewBox="0 0 1024 945" role="presentation" aria-hidden="true" focusable="false" class=""><title lang="en">Ahold Icon</title><desc></desc><g fill="" stroke=""><g data-v-7b5b6b2c=""><path data-v-7b5b6b2c="" d="M1.893 730.617c-1.289-2.094-2.052-4.631-2.052-7.346 0-0.747 0.058-1.481 0.169-2.197 0.158-12.396 10.227-22.466 22.687-22.634l895.306-0c12.476 0.168 22.545 10.237 22.713 22.698-0.521 3.721-1.182 6.924-2.024 10.053l0.131-0.574c-86.363 175.072-263.598 293.385-468.466 293.385s-382.103-118.313-467.105-290.339l-1.361-3.046z" fill="rgb(247, 168, 0)" class="path1"></path><path data-v-7b5b6b2c="" d="M107.889 132.495c1.893-1.893 1.893-3.786 3.786-5.678 2.98-3.491 7.385-5.69 12.303-5.69s9.323 2.199 12.284 5.668l0.019 0.022 476.983 476.983c3.491 2.98 5.69 7.385 5.69 12.303s-2.199 9.323-5.668 12.284c-1.399 1.869-3.361 3.216-5.631 3.789l-0.069 0.015c-38.446 13.732-82.796 21.669-129.001 21.669-108.416 0-206.626-43.699-277.977-114.443-70.367-71.826-113.809-170.317-113.809-278.955 0-45.803 7.722-89.803 21.936-130.767l-0.845 2.8z" fill="rgb(226, 35, 26)" class="path2"></path><path data-v-7b5b6b2c="" d="M600.015 1.893c1.247-1.204 2.948-1.946 4.822-1.946 0.302 0 0.6 0.019 0.891 0.057 0.057-0.006 0.164-0.007 0.272-0.007 7.15 0 12.947 5.796 12.947 12.947 0 0.108-0.001 0.215-0.004 0.322l0-0.016v503.482c0.002 0.091 0.004 0.199 0.004 0.306 0 7.15-5.796 12.947-12.947 12.947-0.108 0-0.215-0.001-0.322-0.004-0.241 0.034-0.539 0.053-0.841 0.053-1.874 0-3.574-0.742-4.824-1.948l0.002 0.002c-98.273-48.542-164.673-148.065-164.673-263.098s66.401-214.556 162.964-262.333l1.709-0.765z" fill="rgb(113, 33, 119)" class="path3"></path><path data-v-7b5b6b2c="" d="M938.824 283.919c1.893 0 1.893 1.893 3.786 1.893 1.765 2.012 2.841 4.666 2.841 7.571s-1.077 5.559-2.853 7.584l0.011-0.013-268.776 266.884c-2.012 1.765-4.666 2.841-7.571 2.841s-5.559-1.077-7.584-2.853c-1.144-0.651-1.911-1.879-1.911-3.285 0-0.172 0.012-0.342 0.034-0.508l-0.002 0.019c-7.681-21.529-12.12-46.363-12.12-72.235 0-61.263 24.891-116.712 65.111-156.786 39.326-39.792 93.895-64.431 154.219-64.431 26.857 0 52.573 4.884 76.309 13.812l-1.494-0.493z" fill="rgb(130, 188, 0)" class="path4"></path></g></g></svg></div></span> Giant Deli Potato Salad Deviled Egg </h3></div><div role="link" class="product-grid-cell_sizes"><span class="product-grid-cell_size"> 16 OZ TUB </span><span aria-hidden="true"> | </span><!----><span class="product-grid-cell_unit"> $3.49 / LB </span></div><!----></div><div class="product-grid-cell_promo-name"><!----><div tabindex="0" role="link" aria-label="Open coupon details" class="product-tile_coupon-offer product-tile_coupon-offer-eci"><div class="product-tile_coupon-offer-display"><!----><!----><div class="product-tile_coupon-offer-name flex-center product-tile_coupon-offer-name--full-tile"><span><!----></span> Buy One EntrÃ©e and Two Sides for $10 </div></div><!----><div class="product-tile_coupon-offer-loading-coupon"><!----></div></div><div role="link" tabindex="0" class="product-grid-cell_multiple-offers"><p> View All Item Offers </p></div><!----><!----></div><!----><div class="margin-top--one"><!----><div data-v-4e03913c="" class="pdl-add-to-cart"><div data-v-4e03913c="" class="pdl-add-to-cart_button"><button data-v-4e03913c="" aria-label="Add to Cart" data-product-id="206348" data-price="3.49" class="button button--add-to-cart"> Add to Cart <!----></button><!----></div><!----></div></div><!----></div></div><!----><!----><div class="product-tile_action-items"><!----><!----><div class="shopping-list-menu_container"><div><button aria-label="add to shopping list" class="button pdl-product-detail_top-icon button--fourth pdl-product-detail_top-icon--borderless"><!----><div class="vector-icon-size--large"><svg xmlns="http://www.w3.org/2000/svg" aria-label="Shopping List Icon Add" viewBox="0 0 32 32" role="presentation" aria-hidden="true" focusable="false" class="vector-icon-color--dark-grey"><title lang="en">Shopping List Icon Add</title><desc></desc><g fill="" stroke=""><path d="M21.94066,15.3368884 L21.94066,12.8931995 C21.94066,12.3409148 22.3883752,11.8931995 22.94066,11.8931995 C23.4929447,11.8931995 23.94066,12.3409148 23.94066,12.8931995 L23.94066,15.3368884 L26.2522624,15.3368884 C26.8045471,15.3368884 27.2522624,15.7846037 27.2522624,16.3368884 C27.2522624,16.8891732 26.8045471,17.3368884 26.2522624,17.3368884 L23.94066,17.3368884 L23.94066,19.8787952 C23.94066,20.43108 23.4929447,20.8787952 22.94066,20.8787952 C22.3883752,20.8787952 21.94066,20.43108 21.94066,19.8787952 L21.94066,17.3368884 L19.2666667,17.3368884 C18.7143819,17.3368884 18.2666667,16.8891732 18.2666667,16.3368884 C18.2666667,15.7846037 18.7143819,15.3368884 19.2666667,15.3368884 L21.94066,15.3368884 Z M8,12 C7.44771525,12 7,11.5522847 7,11 C7,10.4477153 7.44771525,10 8,10 L19.1153581,10 C19.6676429,10 20.1153581,10.4477153 20.1153581,11 C20.1153581,11.5522847 19.6676429,12 19.1153581,12 L8,12 Z M8,17.3368884 C7.44771525,17.3368884 7,16.8891732 7,16.3368884 C7,15.7846037 7.44771525,15.3368884 8,15.3368884 L14.7200696,15.3368884 C15.2723543,15.3368884 15.7200696,15.7846037 15.7200696,16.3368884 C15.7200696,16.8891732 15.2723543,17.3368884 14.7200696,17.3368884 L8,17.3368884 Z M8,23 C7.44771525,23 7,22.5522847 7,22 C7,21.4477153 7.44771525,21 8,21 L19.1153581,21 C19.6676429,21 20.1153581,21.4477153 20.1153581,22 C20.1153581,22.5522847 19.6676429,23 19.1153581,23 L8,23 Z" fill="#000000" fill-rule="nonzero"></path></g></svg></div><div class="pdl-product-detail_list-tooltip"><p>Add item to shopping list</p><i></i></div></button><!----></div></div></div><!----></li><!----><!----><!----><li id="product-105" tabindex="-1" data-product-id="206830" aria-label="Purina Beyond Natural Cat Food Ocean Whitefish &amp; Egg Recipe Grain Free" class="tile product-cell product-grid-cell"><!----><!----><!----><div class="product-tile_content"><div><!----><div class="flag_outer-container"><span class="flag_label flag_label--tomato"> Sale </span><!----><!----></div></div><!----><div><img src="./Search Results _ Giant_files/4083V.png" alt="Purina Beyond Natural Cat Food Ocean Whitefish &amp; Egg Recipe Grain Free" class="product-grid-image product-grid-cell_main-image"></div><div class="product-grid-cell_price-tag product-grid-cell_price-tag--full-tile"><div class="product-tile_detail"><div class="product-grid-cell_price-container product-grid-cell_price-container_column"><span role="link" class="product-grid-cell_main-price product-grid-cell_main-price--on-sale"> $9.99 </span><div class="product-grid-cell_was-container"><span class="product-grid-cell_regular-price product-grid-cell_regular-price--small"> $10.49 </span></div></div></div><div class="product-tile_detail-title"><div data-v-7b5b6b2c="" role="link" tabindex="0" class="product-grid-cell_name"><h3 data-v-7b5b6b2c="" aria-label="Purina Beyond Natural Cat Food Ocean Whitefish &amp; Egg Recipe Grain Free" class="product-grid-cell_name-text product-grid-cell_name-text--small"><!----> Purina Beyond Natural Cat Food Ocean Whitefish &amp; Egg Recipe Grain Free </h3></div><div role="link" class="product-grid-cell_sizes"><span class="product-grid-cell_size"> 3 LB BAG </span><span aria-hidden="true"> | </span><!----><span class="product-grid-cell_unit"> $0.21 / OZ </span></div><!----></div><div class="product-grid-cell_promo-name"><!----><!----><!----><!----><!----></div><!----><div class="margin-top--one"><!----><div data-v-4e03913c="" class="pdl-add-to-cart"><div data-v-4e03913c="" class="pdl-add-to-cart_button"><button data-v-4e03913c="" aria-label="Add to Cart" data-product-id="206830" data-price="9.99" class="button button--add-to-cart"> Add to Cart <!----></button><!----></div><!----></div></div><!----></div></div><!----><!----><div class="product-tile_action-items"><!----><!----><div class="shopping-list-menu_container"><div><button aria-label="add to shopping list" class="button pdl-product-detail_top-icon button--fourth pdl-product-detail_top-icon--borderless"><!----><div class="vector-icon-size--large"><svg xmlns="http://www.w3.org/2000/svg" aria-label="Shopping List Icon Add" viewBox="0 0 32 32" role="presentation" aria-hidden="true" focusable="false" class="vector-icon-color--dark-grey"><title lang="en">Shopping List Icon Add</title><desc></desc><g fill="" stroke=""><path d="M21.94066,15.3368884 L21.94066,12.8931995 C21.94066,12.3409148 22.3883752,11.8931995 22.94066,11.8931995 C23.4929447,11.8931995 23.94066,12.3409148 23.94066,12.8931995 L23.94066,15.3368884 L26.2522624,15.3368884 C26.8045471,15.3368884 27.2522624,15.7846037 27.2522624,16.3368884 C27.2522624,16.8891732 26.8045471,17.3368884 26.2522624,17.3368884 L23.94066,17.3368884 L23.94066,19.8787952 C23.94066,20.43108 23.4929447,20.8787952 22.94066,20.8787952 C22.3883752,20.8787952 21.94066,20.43108 21.94066,19.8787952 L21.94066,17.3368884 L19.2666667,17.3368884 C18.7143819,17.3368884 18.2666667,16.8891732 18.2666667,16.3368884 C18.2666667,15.7846037 18.7143819,15.3368884 19.2666667,15.3368884 L21.94066,15.3368884 Z M8,12 C7.44771525,12 7,11.5522847 7,11 C7,10.4477153 7.44771525,10 8,10 L19.1153581,10 C19.6676429,10 20.1153581,10.4477153 20.1153581,11 C20.1153581,11.5522847 19.6676429,12 19.1153581,12 L8,12 Z M8,17.3368884 C7.44771525,17.3368884 7,16.8891732 7,16.3368884 C7,15.7846037 7.44771525,15.3368884 8,15.3368884 L14.7200696,15.3368884 C15.2723543,15.3368884 15.7200696,15.7846037 15.7200696,16.3368884 C15.7200696,16.8891732 15.2723543,17.3368884 14.7200696,17.3368884 L8,17.3368884 Z M8,23 C7.44771525,23 7,22.5522847 7,22 C7,21.4477153 7.44771525,21 8,21 L19.1153581,21 C19.6676429,21 20.1153581,21.4477153 20.1153581,22 C20.1153581,22.5522847 19.6676429,23 19.1153581,23 L8,23 Z" fill="#000000" fill-rule="nonzero"></path></g></svg></div><div class="pdl-product-detail_list-tooltip"><p>Add item to shopping list</p><i></i></div></button><!----></div></div></div><!----></li><!----><!----><!----><li id="product-106" tabindex="-1" data-product-id="212050" aria-label="Red&#39;s Natural Foods Burrito Canadian Style Bacon Egg &amp; Cheese Frozen" class="tile product-cell product-grid-cell"><!----><!----><!----><div class="product-tile_content"><div><!----><div class="flag_outer-container"><span class="flag_label flag_label--tomato"> Sale </span><!----><!----></div></div><!----><div><img src="./Search Results _ Giant_files/O6L8V.jpg" alt="Red&#39;s Natural Foods Burrito Canadian Style Bacon Egg &amp; Cheese Frozen" class="product-grid-image product-grid-cell_main-image"></div><div class="product-grid-cell_price-tag product-grid-cell_price-tag--full-tile"><div class="product-tile_detail"><div class="product-grid-cell_price-container product-grid-cell_price-container_column"><span role="link" class="product-grid-cell_main-price product-grid-cell_main-price--on-sale"> $1.59 </span><div class="product-grid-cell_was-container"><span class="product-grid-cell_regular-price product-grid-cell_regular-price--small"> $2.29 </span></div></div></div><div class="product-tile_detail-title"><div data-v-7b5b6b2c="" role="link" tabindex="0" class="product-grid-cell_name"><h3 data-v-7b5b6b2c="" aria-label="Red&#39;s Natural Foods Burrito Canadian Style Bacon Egg &amp; Cheese Frozen" class="product-grid-cell_name-text product-grid-cell_name-text--small"><!----> Red's Natural Foods Burrito Canadian Style Bacon Egg &amp; Cheese Frozen </h3></div><div role="link" class="product-grid-cell_sizes"><span class="product-grid-cell_size"> 5 OZ PKG </span><span aria-hidden="true"> | </span><!----><span class="product-grid-cell_unit"> $0.32 / OZ </span></div><!----></div><div class="product-grid-cell_promo-name"><!----><!----><!----><!----><!----></div><!----><div class="margin-top--one"><!----><div data-v-4e03913c="" class="pdl-add-to-cart"><div data-v-4e03913c="" class="pdl-add-to-cart_button"><button data-v-4e03913c="" aria-label="Add to Cart" data-product-id="212050" data-price="1.59" class="button button--add-to-cart"> Add to Cart <!----></button><!----></div><!----></div></div><!----></div></div><!----><!----><div class="product-tile_action-items"><!----><!----><div class="shopping-list-menu_container"><div><button aria-label="add to shopping list" class="button pdl-product-detail_top-icon button--fourth pdl-product-detail_top-icon--borderless"><!----><div class="vector-icon-size--large"><svg xmlns="http://www.w3.org/2000/svg" aria-label="Shopping List Icon Add" viewBox="0 0 32 32" role="presentation" aria-hidden="true" focusable="false" class="vector-icon-color--dark-grey"><title lang="en">Shopping List Icon Add</title><desc></desc><g fill="" stroke=""><path d="M21.94066,15.3368884 L21.94066,12.8931995 C21.94066,12.3409148 22.3883752,11.8931995 22.94066,11.8931995 C23.4929447,11.8931995 23.94066,12.3409148 23.94066,12.8931995 L23.94066,15.3368884 L26.2522624,15.3368884 C26.8045471,15.3368884 27.2522624,15.7846037 27.2522624,16.3368884 C27.2522624,16.8891732 26.8045471,17.3368884 26.2522624,17.3368884 L23.94066,17.3368884 L23.94066,19.8787952 C23.94066,20.43108 23.4929447,20.8787952 22.94066,20.8787952 C22.3883752,20.8787952 21.94066,20.43108 21.94066,19.8787952 L21.94066,17.3368884 L19.2666667,17.3368884 C18.7143819,17.3368884 18.2666667,16.8891732 18.2666667,16.3368884 C18.2666667,15.7846037 18.7143819,15.3368884 19.2666667,15.3368884 L21.94066,15.3368884 Z M8,12 C7.44771525,12 7,11.5522847 7,11 C7,10.4477153 7.44771525,10 8,10 L19.1153581,10 C19.6676429,10 20.1153581,10.4477153 20.1153581,11 C20.1153581,11.5522847 19.6676429,12 19.1153581,12 L8,12 Z M8,17.3368884 C7.44771525,17.3368884 7,16.8891732 7,16.3368884 C7,15.7846037 7.44771525,15.3368884 8,15.3368884 L14.7200696,15.3368884 C15.2723543,15.3368884 15.7200696,15.7846037 15.7200696,16.3368884 C15.7200696,16.8891732 15.2723543,17.3368884 14.7200696,17.3368884 L8,17.3368884 Z M8,23 C7.44771525,23 7,22.5522847 7,22 C7,21.4477153 7.44771525,21 8,21 L19.1153581,21 C19.6676429,21 20.1153581,21.4477153 20.1153581,22 C20.1153581,22.5522847 19.6676429,23 19.1153581,23 L8,23 Z" fill="#000000" fill-rule="nonzero"></path></g></svg></div><div class="pdl-product-detail_list-tooltip"><p>Add item to shopping list</p><i></i></div></button><!----></div></div></div><!----></li><!----><!----><!----><li id="product-107" tabindex="-1" data-product-id="212051" aria-label="Red&#39;s Natural Foods Burrito Turkey Sausage Egg &amp; Three Cheese Frozen" class="tile product-cell product-grid-cell"><!----><!----><!----><div class="product-tile_content"><div><!----><div class="flag_outer-container"><span class="flag_label flag_label--tomato"> Sale </span><!----><!----></div></div><!----><div><img src="./Search Results _ Giant_files/DFR2R.jpg" alt="Red&#39;s Natural Foods Burrito Turkey Sausage Egg &amp; Three Cheese Frozen" class="product-grid-image product-grid-cell_main-image"></div><div class="product-grid-cell_price-tag product-grid-cell_price-tag--full-tile"><div class="product-tile_detail"><div class="product-grid-cell_price-container product-grid-cell_price-container_column"><span role="link" class="product-grid-cell_main-price product-grid-cell_main-price--on-sale"> $1.59 </span><div class="product-grid-cell_was-container"><span class="product-grid-cell_regular-price product-grid-cell_regular-price--small"> $2.29 </span></div></div></div><div class="product-tile_detail-title"><div data-v-7b5b6b2c="" role="link" tabindex="0" class="product-grid-cell_name"><h3 data-v-7b5b6b2c="" aria-label="Red&#39;s Natural Foods Burrito Turkey Sausage Egg &amp; Three Cheese Frozen" class="product-grid-cell_name-text product-grid-cell_name-text--small"><!----> Red's Natural Foods Burrito Turkey Sausage Egg &amp; Three Cheese Frozen </h3></div><div role="link" class="product-grid-cell_sizes"><span class="product-grid-cell_size"> 5 OZ PKG </span><span aria-hidden="true"> | </span><!----><span class="product-grid-cell_unit"> $0.32 / OZ </span></div><!----></div><div class="product-grid-cell_promo-name"><!----><!----><!----><!----><!----></div><!----><div class="margin-top--one"><!----><div data-v-4e03913c="" class="pdl-add-to-cart"><div data-v-4e03913c="" class="pdl-add-to-cart_button"><button data-v-4e03913c="" aria-label="Add to Cart" data-product-id="212051" data-price="1.59" class="button button--add-to-cart"> Add to Cart <!----></button><!----></div><!----></div></div><!----></div></div><!----><!----><div class="product-tile_action-items"><!----><!----><div class="shopping-list-menu_container"><div><button aria-label="add to shopping list" class="button pdl-product-detail_top-icon button--fourth pdl-product-detail_top-icon--borderless"><!----><div class="vector-icon-size--large"><svg xmlns="http://www.w3.org/2000/svg" aria-label="Shopping List Icon Add" viewBox="0 0 32 32" role="presentation" aria-hidden="true" focusable="false" class="vector-icon-color--dark-grey"><title lang="en">Shopping List Icon Add</title><desc></desc><g fill="" stroke=""><path d="M21.94066,15.3368884 L21.94066,12.8931995 C21.94066,12.3409148 22.3883752,11.8931995 22.94066,11.8931995 C23.4929447,11.8931995 23.94066,12.3409148 23.94066,12.8931995 L23.94066,15.3368884 L26.2522624,15.3368884 C26.8045471,15.3368884 27.2522624,15.7846037 27.2522624,16.3368884 C27.2522624,16.8891732 26.8045471,17.3368884 26.2522624,17.3368884 L23.94066,17.3368884 L23.94066,19.8787952 C23.94066,20.43108 23.4929447,20.8787952 22.94066,20.8787952 C22.3883752,20.8787952 21.94066,20.43108 21.94066,19.8787952 L21.94066,17.3368884 L19.2666667,17.3368884 C18.7143819,17.3368884 18.2666667,16.8891732 18.2666667,16.3368884 C18.2666667,15.7846037 18.7143819,15.3368884 19.2666667,15.3368884 L21.94066,15.3368884 Z M8,12 C7.44771525,12 7,11.5522847 7,11 C7,10.4477153 7.44771525,10 8,10 L19.1153581,10 C19.6676429,10 20.1153581,10.4477153 20.1153581,11 C20.1153581,11.5522847 19.6676429,12 19.1153581,12 L8,12 Z M8,17.3368884 C7.44771525,17.3368884 7,16.8891732 7,16.3368884 C7,15.7846037 7.44771525,15.3368884 8,15.3368884 L14.7200696,15.3368884 C15.2723543,15.3368884 15.7200696,15.7846037 15.7200696,16.3368884 C15.7200696,16.8891732 15.2723543,17.3368884 14.7200696,17.3368884 L8,17.3368884 Z M8,23 C7.44771525,23 7,22.5522847 7,22 C7,21.4477153 7.44771525,21 8,21 L19.1153581,21 C19.6676429,21 20.1153581,21.4477153 20.1153581,22 C20.1153581,22.5522847 19.6676429,23 19.1153581,23 L8,23 Z" fill="#000000" fill-rule="nonzero"></path></g></svg></div><div class="pdl-product-detail_list-tooltip"><p>Add item to shopping list</p><i></i></div></button><!----></div></div></div><!----></li><!----><!----><!----><li id="product-108" tabindex="-1" data-product-id="221850" aria-label="Bahn Trang Spring Rolls Skin - 10 ct" class="tile product-cell product-grid-cell"><!----><!----><!----><div class="product-tile_content"><div><!----><div class="flag_outer-container"><!----><!----><!----></div></div><!----><div><img src="./Search Results _ Giant_files/VN7PV.jpg" alt="Bahn Trang Spring Rolls Skin - 10 ct" class="product-grid-image product-grid-cell_main-image"></div><div class="product-grid-cell_price-tag product-grid-cell_price-tag--full-tile"><div class="product-tile_detail"><div class="product-grid-cell_price-container"><span role="link" class="product-grid-cell_main-price"> $2.99 </span><!----></div></div><div class="product-tile_detail-title"><div data-v-7b5b6b2c="" role="link" tabindex="0" class="product-grid-cell_name"><h3 data-v-7b5b6b2c="" aria-label="Bahn Trang Spring Rolls Skin - 10 ct" class="product-grid-cell_name-text product-grid-cell_name-text--small"><!----> Bahn Trang Spring Rolls Skin - 10 ct </h3></div><div role="link" class="product-grid-cell_sizes"><span class="product-grid-cell_size"> 12 OZ PKG </span><span aria-hidden="true"> | </span><!----><span class="product-grid-cell_unit"> $0.25 / OZ </span></div><!----></div><div class="product-grid-cell_promo-name"><!----><!----><!----><!----><!----></div><!----><div class="margin-top--one"><!----><div data-v-4e03913c="" class="pdl-add-to-cart"><div data-v-4e03913c="" class="pdl-add-to-cart_button"><button data-v-4e03913c="" aria-label="Add to Cart" data-product-id="221850" data-price="2.99" class="button button--add-to-cart"> Add to Cart <!----></button><!----></div><!----></div></div><!----></div></div><!----><!----><div class="product-tile_action-items"><!----><!----><div class="shopping-list-menu_container"><div><button aria-label="add to shopping list" class="button pdl-product-detail_top-icon button--fourth pdl-product-detail_top-icon--borderless"><!----><div class="vector-icon-size--large"><svg xmlns="http://www.w3.org/2000/svg" aria-label="Shopping List Icon Add" viewBox="0 0 32 32" role="presentation" aria-hidden="true" focusable="false" class="vector-icon-color--dark-grey"><title lang="en">Shopping List Icon Add</title><desc></desc><g fill="" stroke=""><path d="M21.94066,15.3368884 L21.94066,12.8931995 C21.94066,12.3409148 22.3883752,11.8931995 22.94066,11.8931995 C23.4929447,11.8931995 23.94066,12.3409148 23.94066,12.8931995 L23.94066,15.3368884 L26.2522624,15.3368884 C26.8045471,15.3368884 27.2522624,15.7846037 27.2522624,16.3368884 C27.2522624,16.8891732 26.8045471,17.3368884 26.2522624,17.3368884 L23.94066,17.3368884 L23.94066,19.8787952 C23.94066,20.43108 23.4929447,20.8787952 22.94066,20.8787952 C22.3883752,20.8787952 21.94066,20.43108 21.94066,19.8787952 L21.94066,17.3368884 L19.2666667,17.3368884 C18.7143819,17.3368884 18.2666667,16.8891732 18.2666667,16.3368884 C18.2666667,15.7846037 18.7143819,15.3368884 19.2666667,15.3368884 L21.94066,15.3368884 Z M8,12 C7.44771525,12 7,11.5522847 7,11 C7,10.4477153 7.44771525,10 8,10 L19.1153581,10 C19.6676429,10 20.1153581,10.4477153 20.1153581,11 C20.1153581,11.5522847 19.6676429,12 19.1153581,12 L8,12 Z M8,17.3368884 C7.44771525,17.3368884 7,16.8891732 7,16.3368884 C7,15.7846037 7.44771525,15.3368884 8,15.3368884 L14.7200696,15.3368884 C15.2723543,15.3368884 15.7200696,15.7846037 15.7200696,16.3368884 C15.7200696,16.8891732 15.2723543,17.3368884 14.7200696,17.3368884 L8,17.3368884 Z M8,23 C7.44771525,23 7,22.5522847 7,22 C7,21.4477153 7.44771525,21 8,21 L19.1153581,21 C19.6676429,21 20.1153581,21.4477153 20.1153581,22 C20.1153581,22.5522847 19.6676429,23 19.1153581,23 L8,23 Z" fill="#000000" fill-rule="nonzero"></path></g></svg></div><div class="pdl-product-detail_list-tooltip"><p>Add item to shopping list</p><i></i></div></button><!----></div></div></div><!----></li><!----><!----><!----><li id="product-109" tabindex="-1" data-product-id="222911" aria-label="Purina Beyond Indoor Salmon Egg &amp; Sweet Potato Grain Free" class="tile product-cell product-grid-cell"><!----><!----><!----><div class="product-tile_content"><div><!----><div class="flag_outer-container"><!----><!----><!----></div></div><!----><div><img src="./Search Results _ Giant_files/EK223.png" alt="Purina Beyond Indoor Salmon Egg &amp; Sweet Potato Grain Free" class="product-grid-image product-grid-cell_main-image"></div><div class="product-grid-cell_price-tag product-grid-cell_price-tag--full-tile"><div class="product-tile_detail"><div class="product-grid-cell_price-container"><span role="link" class="product-grid-cell_main-price"> $10.49 </span><!----></div></div><div class="product-tile_detail-title"><div data-v-7b5b6b2c="" role="link" tabindex="0" class="product-grid-cell_name"><h3 data-v-7b5b6b2c="" aria-label="Purina Beyond Indoor Salmon Egg &amp; Sweet Potato Grain Free" class="product-grid-cell_name-text product-grid-cell_name-text--small"><!----> Purina Beyond Indoor Salmon Egg &amp; Sweet Potato Grain Free </h3></div><div role="link" class="product-grid-cell_sizes"><span class="product-grid-cell_size"> 3 LB BAG </span><span aria-hidden="true"> | </span><!----><span class="product-grid-cell_unit"> $0.22 / OZ </span></div><!----></div><div class="product-grid-cell_promo-name"><!----><!----><!----><!----><!----></div><!----><div class="margin-top--one"><!----><div data-v-4e03913c="" class="pdl-add-to-cart"><div data-v-4e03913c="" class="pdl-add-to-cart_button"><button data-v-4e03913c="" aria-label="Add to Cart" data-product-id="222911" data-price="10.49" class="button button--add-to-cart"> Add to Cart <!----></button><!----></div><!----></div></div><!----></div></div><!----><!----><div class="product-tile_action-items"><!----><!----><div class="shopping-list-menu_container"><div><button aria-label="add to shopping list" class="button pdl-product-detail_top-icon button--fourth pdl-product-detail_top-icon--borderless"><!----><div class="vector-icon-size--large"><svg xmlns="http://www.w3.org/2000/svg" aria-label="Shopping List Icon Add" viewBox="0 0 32 32" role="presentation" aria-hidden="true" focusable="false" class="vector-icon-color--dark-grey"><title lang="en">Shopping List Icon Add</title><desc></desc><g fill="" stroke=""><path d="M21.94066,15.3368884 L21.94066,12.8931995 C21.94066,12.3409148 22.3883752,11.8931995 22.94066,11.8931995 C23.4929447,11.8931995 23.94066,12.3409148 23.94066,12.8931995 L23.94066,15.3368884 L26.2522624,15.3368884 C26.8045471,15.3368884 27.2522624,15.7846037 27.2522624,16.3368884 C27.2522624,16.8891732 26.8045471,17.3368884 26.2522624,17.3368884 L23.94066,17.3368884 L23.94066,19.8787952 C23.94066,20.43108 23.4929447,20.8787952 22.94066,20.8787952 C22.3883752,20.8787952 21.94066,20.43108 21.94066,19.8787952 L21.94066,17.3368884 L19.2666667,17.3368884 C18.7143819,17.3368884 18.2666667,16.8891732 18.2666667,16.3368884 C18.2666667,15.7846037 18.7143819,15.3368884 19.2666667,15.3368884 L21.94066,15.3368884 Z M8,12 C7.44771525,12 7,11.5522847 7,11 C7,10.4477153 7.44771525,10 8,10 L19.1153581,10 C19.6676429,10 20.1153581,10.4477153 20.1153581,11 C20.1153581,11.5522847 19.6676429,12 19.1153581,12 L8,12 Z M8,17.3368884 C7.44771525,17.3368884 7,16.8891732 7,16.3368884 C7,15.7846037 7.44771525,15.3368884 8,15.3368884 L14.7200696,15.3368884 C15.2723543,15.3368884 15.7200696,15.7846037 15.7200696,16.3368884 C15.7200696,16.8891732 15.2723543,17.3368884 14.7200696,17.3368884 L8,17.3368884 Z M8,23 C7.44771525,23 7,22.5522847 7,22 C7,21.4477153 7.44771525,21 8,21 L19.1153581,21 C19.6676429,21 20.1153581,21.4477153 20.1153581,22 C20.1153581,22.5522847 19.6676429,23 19.1153581,23 L8,23 Z" fill="#000000" fill-rule="nonzero"></path></g></svg></div><div class="pdl-product-detail_list-tooltip"><p>Add item to shopping list</p><i></i></div></button><!----></div></div></div><!----></li><!----><!----><!----><li id="product-110" tabindex="-1" data-product-id="223016" aria-label="Purina Beyond Dog Food Beef &amp; Egg Recipe Grain Free Natural" class="tile product-cell product-grid-cell"><!----><!----><!----><div class="product-tile_content"><div><!----><div class="flag_outer-container"><!----><!----><!----></div></div><!----><div><img src="./Search Results _ Giant_files/05D74.png" alt="Purina Beyond Dog Food Beef &amp; Egg Recipe Grain Free Natural" class="product-grid-image product-grid-cell_main-image"></div><div class="product-grid-cell_price-tag product-grid-cell_price-tag--full-tile"><div class="product-tile_detail"><div class="product-grid-cell_price-container"><span role="link" class="product-grid-cell_main-price"> $10.49 </span><!----></div></div><div class="product-tile_detail-title"><div data-v-7b5b6b2c="" role="link" tabindex="0" class="product-grid-cell_name"><h3 data-v-7b5b6b2c="" aria-label="Purina Beyond Dog Food Beef &amp; Egg Recipe Grain Free Natural" class="product-grid-cell_name-text product-grid-cell_name-text--small"><!----> Purina Beyond Dog Food Beef &amp; Egg Recipe Grain Free Natural </h3></div><div role="link" class="product-grid-cell_sizes"><span class="product-grid-cell_size"> 3 LB BAG </span><span aria-hidden="true"> | </span><!----><span class="product-grid-cell_unit"> $0.22 / OZ </span></div><!----></div><div class="product-grid-cell_promo-name"><!----><!----><!----><!----><!----></div><!----><div class="margin-top--one"><!----><div data-v-4e03913c="" class="pdl-add-to-cart"><div data-v-4e03913c="" class="pdl-add-to-cart_button"><button data-v-4e03913c="" aria-label="Add to Cart" data-product-id="223016" data-price="10.49" class="button button--add-to-cart"> Add to Cart <!----></button><!----></div><!----></div></div><!----></div></div><!----><!----><div class="product-tile_action-items"><!----><!----><div class="shopping-list-menu_container"><div><button aria-label="add to shopping list" class="button pdl-product-detail_top-icon button--fourth pdl-product-detail_top-icon--borderless"><!----><div class="vector-icon-size--large"><svg xmlns="http://www.w3.org/2000/svg" aria-label="Shopping List Icon Add" viewBox="0 0 32 32" role="presentation" aria-hidden="true" focusable="false" class="vector-icon-color--dark-grey"><title lang="en">Shopping List Icon Add</title><desc></desc><g fill="" stroke=""><path d="M21.94066,15.3368884 L21.94066,12.8931995 C21.94066,12.3409148 22.3883752,11.8931995 22.94066,11.8931995 C23.4929447,11.8931995 23.94066,12.3409148 23.94066,12.8931995 L23.94066,15.3368884 L26.2522624,15.3368884 C26.8045471,15.3368884 27.2522624,15.7846037 27.2522624,16.3368884 C27.2522624,16.8891732 26.8045471,17.3368884 26.2522624,17.3368884 L23.94066,17.3368884 L23.94066,19.8787952 C23.94066,20.43108 23.4929447,20.8787952 22.94066,20.8787952 C22.3883752,20.8787952 21.94066,20.43108 21.94066,19.8787952 L21.94066,17.3368884 L19.2666667,17.3368884 C18.7143819,17.3368884 18.2666667,16.8891732 18.2666667,16.3368884 C18.2666667,15.7846037 18.7143819,15.3368884 19.2666667,15.3368884 L21.94066,15.3368884 Z M8,12 C7.44771525,12 7,11.5522847 7,11 C7,10.4477153 7.44771525,10 8,10 L19.1153581,10 C19.6676429,10 20.1153581,10.4477153 20.1153581,11 C20.1153581,11.5522847 19.6676429,12 19.1153581,12 L8,12 Z M8,17.3368884 C7.44771525,17.3368884 7,16.8891732 7,16.3368884 C7,15.7846037 7.44771525,15.3368884 8,15.3368884 L14.7200696,15.3368884 C15.2723543,15.3368884 15.7200696,15.7846037 15.7200696,16.3368884 C15.7200696,16.8891732 15.2723543,17.3368884 14.7200696,17.3368884 L8,17.3368884 Z M8,23 C7.44771525,23 7,22.5522847 7,22 C7,21.4477153 7.44771525,21 8,21 L19.1153581,21 C19.6676429,21 20.1153581,21.4477153 20.1153581,22 C20.1153581,22.5522847 19.6676429,23 19.1153581,23 L8,23 Z" fill="#000000" fill-rule="nonzero"></path></g></svg></div><div class="pdl-product-detail_list-tooltip"><p>Add item to shopping list</p><i></i></div></button><!----></div></div></div><!----></li><!----><!----><!----><li id="product-111" tabindex="-1" data-product-id="223103" aria-label="Good Food Made Simple Egg White Burrito Chicken Apple Sausage Frozen" class="tile product-cell product-grid-cell"><!----><!----><!----><div class="product-tile_content"><div><!----><div class="flag_outer-container"><!----><!----><!----></div></div><!----><div><img src="./Search Results _ Giant_files/22S6Y.jpg" alt="Good Food Made Simple Egg White Burrito Chicken Apple Sausage Frozen" class="product-grid-image product-grid-cell_main-image"></div><div class="product-grid-cell_price-tag product-grid-cell_price-tag--full-tile"><div class="product-tile_detail"><div class="product-grid-cell_price-container"><span role="link" class="product-grid-cell_main-price"> $2.39 </span><!----></div></div><div class="product-tile_detail-title"><div data-v-7b5b6b2c="" role="link" tabindex="0" class="product-grid-cell_name"><h3 data-v-7b5b6b2c="" aria-label="Good Food Made Simple Egg White Burrito Chicken Apple Sausage Frozen" class="product-grid-cell_name-text product-grid-cell_name-text--small"><!----> Good Food Made Simple Egg White Burrito Chicken Apple Sausage Frozen </h3></div><div role="link" class="product-grid-cell_sizes"><span class="product-grid-cell_size"> 5 OZ PKG </span><span aria-hidden="true"> | </span><!----><span class="product-grid-cell_unit"> $0.48 / OZ </span></div><!----></div><div class="product-grid-cell_promo-name"><!----><!----><!----><!----><!----></div><!----><div class="margin-top--one"><!----><div data-v-4e03913c="" class="pdl-add-to-cart"><div data-v-4e03913c="" class="pdl-add-to-cart_button"><button data-v-4e03913c="" aria-label="Add to Cart" data-product-id="223103" data-price="2.39" class="button button--add-to-cart"> Add to Cart <!----></button><!----></div><!----></div></div><!----></div></div><!----><!----><div class="product-tile_action-items"><!----><!----><div class="shopping-list-menu_container"><div><button aria-label="add to shopping list" class="button pdl-product-detail_top-icon button--fourth pdl-product-detail_top-icon--borderless"><!----><div class="vector-icon-size--large"><svg xmlns="http://www.w3.org/2000/svg" aria-label="Shopping List Icon Add" viewBox="0 0 32 32" role="presentation" aria-hidden="true" focusable="false" class="vector-icon-color--dark-grey"><title lang="en">Shopping List Icon Add</title><desc></desc><g fill="" stroke=""><path d="M21.94066,15.3368884 L21.94066,12.8931995 C21.94066,12.3409148 22.3883752,11.8931995 22.94066,11.8931995 C23.4929447,11.8931995 23.94066,12.3409148 23.94066,12.8931995 L23.94066,15.3368884 L26.2522624,15.3368884 C26.8045471,15.3368884 27.2522624,15.7846037 27.2522624,16.3368884 C27.2522624,16.8891732 26.8045471,17.3368884 26.2522624,17.3368884 L23.94066,17.3368884 L23.94066,19.8787952 C23.94066,20.43108 23.4929447,20.8787952 22.94066,20.8787952 C22.3883752,20.8787952 21.94066,20.43108 21.94066,19.8787952 L21.94066,17.3368884 L19.2666667,17.3368884 C18.7143819,17.3368884 18.2666667,16.8891732 18.2666667,16.3368884 C18.2666667,15.7846037 18.7143819,15.3368884 19.2666667,15.3368884 L21.94066,15.3368884 Z M8,12 C7.44771525,12 7,11.5522847 7,11 C7,10.4477153 7.44771525,10 8,10 L19.1153581,10 C19.6676429,10 20.1153581,10.4477153 20.1153581,11 C20.1153581,11.5522847 19.6676429,12 19.1153581,12 L8,12 Z M8,17.3368884 C7.44771525,17.3368884 7,16.8891732 7,16.3368884 C7,15.7846037 7.44771525,15.3368884 8,15.3368884 L14.7200696,15.3368884 C15.2723543,15.3368884 15.7200696,15.7846037 15.7200696,16.3368884 C15.7200696,16.8891732 15.2723543,17.3368884 14.7200696,17.3368884 L8,17.3368884 Z M8,23 C7.44771525,23 7,22.5522847 7,22 C7,21.4477153 7.44771525,21 8,21 L19.1153581,21 C19.6676429,21 20.1153581,21.4477153 20.1153581,22 C20.1153581,22.5522847 19.6676429,23 19.1153581,23 L8,23 Z" fill="#000000" fill-rule="nonzero"></path></g></svg></div><div class="pdl-product-detail_list-tooltip"><p>Add item to shopping list</p><i></i></div></button><!----></div></div></div><!----></li><!----><!----><!----><li id="product-112" tabindex="-1" data-product-id="223106" aria-label="Good Food Made Simple Breakfast Burrito Eggs Cheese &amp; Uncured Bacon Frozen" class="tile product-cell product-grid-cell"><!----><!----><!----><div class="product-tile_content"><div><!----><div class="flag_outer-container"><!----><!----><!----></div></div><!----><div><img src="./Search Results _ Giant_files/5NP7L.jpg" alt="Good Food Made Simple Breakfast Burrito Eggs Cheese &amp; Uncured Bacon Frozen" class="product-grid-image product-grid-cell_main-image"></div><div class="product-grid-cell_price-tag product-grid-cell_price-tag--full-tile"><div class="product-tile_detail"><div class="product-grid-cell_price-container"><span role="link" class="product-grid-cell_main-price"> $2.39 </span><!----></div></div><div class="product-tile_detail-title"><div data-v-7b5b6b2c="" role="link" tabindex="0" class="product-grid-cell_name"><h3 data-v-7b5b6b2c="" aria-label="Good Food Made Simple Breakfast Burrito Eggs Cheese &amp; Uncured Bacon Frozen" class="product-grid-cell_name-text product-grid-cell_name-text--small"><!----> Good Food Made Simple Breakfast Burrito Eggs Cheese &amp; Uncured Bacon Frozen </h3></div><div role="link" class="product-grid-cell_sizes"><span class="product-grid-cell_size"> 5 OZ PKG </span><span aria-hidden="true"> | </span><!----><span class="product-grid-cell_unit"> $0.48 / OZ </span></div><!----></div><div class="product-grid-cell_promo-name"><!----><!----><!----><!----><!----></div><!----><div class="margin-top--one"><!----><div data-v-4e03913c="" class="pdl-add-to-cart"><div data-v-4e03913c="" class="pdl-add-to-cart_button"><button data-v-4e03913c="" aria-label="Add to Cart" data-product-id="223106" data-price="2.39" class="button button--add-to-cart"> Add to Cart <!----></button><!----></div><!----></div></div><!----></div></div><!----><!----><div class="product-tile_action-items"><!----><!----><div class="shopping-list-menu_container"><div><button aria-label="add to shopping list" class="button pdl-product-detail_top-icon button--fourth pdl-product-detail_top-icon--borderless"><!----><div class="vector-icon-size--large"><svg xmlns="http://www.w3.org/2000/svg" aria-label="Shopping List Icon Add" viewBox="0 0 32 32" role="presentation" aria-hidden="true" focusable="false" class="vector-icon-color--dark-grey"><title lang="en">Shopping List Icon Add</title><desc></desc><g fill="" stroke=""><path d="M21.94066,15.3368884 L21.94066,12.8931995 C21.94066,12.3409148 22.3883752,11.8931995 22.94066,11.8931995 C23.4929447,11.8931995 23.94066,12.3409148 23.94066,12.8931995 L23.94066,15.3368884 L26.2522624,15.3368884 C26.8045471,15.3368884 27.2522624,15.7846037 27.2522624,16.3368884 C27.2522624,16.8891732 26.8045471,17.3368884 26.2522624,17.3368884 L23.94066,17.3368884 L23.94066,19.8787952 C23.94066,20.43108 23.4929447,20.8787952 22.94066,20.8787952 C22.3883752,20.8787952 21.94066,20.43108 21.94066,19.8787952 L21.94066,17.3368884 L19.2666667,17.3368884 C18.7143819,17.3368884 18.2666667,16.8891732 18.2666667,16.3368884 C18.2666667,15.7846037 18.7143819,15.3368884 19.2666667,15.3368884 L21.94066,15.3368884 Z M8,12 C7.44771525,12 7,11.5522847 7,11 C7,10.4477153 7.44771525,10 8,10 L19.1153581,10 C19.6676429,10 20.1153581,10.4477153 20.1153581,11 C20.1153581,11.5522847 19.6676429,12 19.1153581,12 L8,12 Z M8,17.3368884 C7.44771525,17.3368884 7,16.8891732 7,16.3368884 C7,15.7846037 7.44771525,15.3368884 8,15.3368884 L14.7200696,15.3368884 C15.2723543,15.3368884 15.7200696,15.7846037 15.7200696,16.3368884 C15.7200696,16.8891732 15.2723543,17.3368884 14.7200696,17.3368884 L8,17.3368884 Z M8,23 C7.44771525,23 7,22.5522847 7,22 C7,21.4477153 7.44771525,21 8,21 L19.1153581,21 C19.6676429,21 20.1153581,21.4477153 20.1153581,22 C20.1153581,22.5522847 19.6676429,23 19.1153581,23 L8,23 Z" fill="#000000" fill-rule="nonzero"></path></g></svg></div><div class="pdl-product-detail_list-tooltip"><p>Add item to shopping list</p><i></i></div></button><!----></div></div></div><!----></li><!----><!----><!----><li id="product-113" tabindex="-1" data-product-id="223647" aria-label="Red&#39;s Natural Chicken Chorizo Egg &amp; Cheese Burrito" class="tile product-cell product-grid-cell"><!----><!----><!----><div class="product-tile_content"><div><!----><div class="flag_outer-container"><span class="flag_label flag_label--tomato"> Sale </span><!----><!----></div></div><!----><div><img src="./Search Results _ Giant_files/I677Q.jpg" alt="Red&#39;s Natural Chicken Chorizo Egg &amp; Cheese Burrito" class="product-grid-image product-grid-cell_main-image"></div><div class="product-grid-cell_price-tag product-grid-cell_price-tag--full-tile"><div class="product-tile_detail"><div class="product-grid-cell_price-container product-grid-cell_price-container_column"><span role="link" class="product-grid-cell_main-price product-grid-cell_main-price--on-sale"> $1.59 </span><div class="product-grid-cell_was-container"><span class="product-grid-cell_regular-price product-grid-cell_regular-price--small"> $2.29 </span></div></div></div><div class="product-tile_detail-title"><div data-v-7b5b6b2c="" role="link" tabindex="0" class="product-grid-cell_name"><h3 data-v-7b5b6b2c="" aria-label="Red&#39;s Natural Chicken Chorizo Egg &amp; Cheese Burrito" class="product-grid-cell_name-text product-grid-cell_name-text--small"><!----> Red's Natural Chicken Chorizo Egg &amp; Cheese Burrito </h3></div><div role="link" class="product-grid-cell_sizes"><span class="product-grid-cell_size"> 5 OZ PKG </span><span aria-hidden="true"> | </span><!----><span class="product-grid-cell_unit"> $0.32 / OZ </span></div><!----></div><div class="product-grid-cell_promo-name"><!----><!----><!----><!----><!----></div><!----><div class="margin-top--one"><!----><div data-v-4e03913c="" class="pdl-add-to-cart"><div data-v-4e03913c="" class="pdl-add-to-cart_button"><button data-v-4e03913c="" aria-label="Add to Cart" data-product-id="223647" data-price="1.59" class="button button--add-to-cart"> Add to Cart <!----></button><!----></div><!----></div></div><!----></div></div><!----><!----><div class="product-tile_action-items"><!----><!----><div class="shopping-list-menu_container"><div><button aria-label="add to shopping list" class="button pdl-product-detail_top-icon button--fourth pdl-product-detail_top-icon--borderless"><!----><div class="vector-icon-size--large"><svg xmlns="http://www.w3.org/2000/svg" aria-label="Shopping List Icon Add" viewBox="0 0 32 32" role="presentation" aria-hidden="true" focusable="false" class="vector-icon-color--dark-grey"><title lang="en">Shopping List Icon Add</title><desc></desc><g fill="" stroke=""><path d="M21.94066,15.3368884 L21.94066,12.8931995 C21.94066,12.3409148 22.3883752,11.8931995 22.94066,11.8931995 C23.4929447,11.8931995 23.94066,12.3409148 23.94066,12.8931995 L23.94066,15.3368884 L26.2522624,15.3368884 C26.8045471,15.3368884 27.2522624,15.7846037 27.2522624,16.3368884 C27.2522624,16.8891732 26.8045471,17.3368884 26.2522624,17.3368884 L23.94066,17.3368884 L23.94066,19.8787952 C23.94066,20.43108 23.4929447,20.8787952 22.94066,20.8787952 C22.3883752,20.8787952 21.94066,20.43108 21.94066,19.8787952 L21.94066,17.3368884 L19.2666667,17.3368884 C18.7143819,17.3368884 18.2666667,16.8891732 18.2666667,16.3368884 C18.2666667,15.7846037 18.7143819,15.3368884 19.2666667,15.3368884 L21.94066,15.3368884 Z M8,12 C7.44771525,12 7,11.5522847 7,11 C7,10.4477153 7.44771525,10 8,10 L19.1153581,10 C19.6676429,10 20.1153581,10.4477153 20.1153581,11 C20.1153581,11.5522847 19.6676429,12 19.1153581,12 L8,12 Z M8,17.3368884 C7.44771525,17.3368884 7,16.8891732 7,16.3368884 C7,15.7846037 7.44771525,15.3368884 8,15.3368884 L14.7200696,15.3368884 C15.2723543,15.3368884 15.7200696,15.7846037 15.7200696,16.3368884 C15.7200696,16.8891732 15.2723543,17.3368884 14.7200696,17.3368884 L8,17.3368884 Z M8,23 C7.44771525,23 7,22.5522847 7,22 C7,21.4477153 7.44771525,21 8,21 L19.1153581,21 C19.6676429,21 20.1153581,21.4477153 20.1153581,22 C20.1153581,22.5522847 19.6676429,23 19.1153581,23 L8,23 Z" fill="#000000" fill-rule="nonzero"></path></g></svg></div><div class="pdl-product-detail_list-tooltip"><p>Add item to shopping list</p><i></i></div></button><!----></div></div></div><!----></li><!----><!----><!----><li id="product-114" tabindex="-1" data-product-id="224927" aria-label="Purina Beyond Natural Cat Food Grain Free White Meat Chicken &amp; Egg Recipe" class="tile product-cell product-grid-cell"><!----><!----><!----><div class="product-tile_content"><div><!----><div class="flag_outer-container"><span class="flag_label flag_label--tomato"> Sale </span><!----><!----></div></div><!----><div><img src="./Search Results _ Giant_files/I5IBE.png" alt="Purina Beyond Natural Cat Food Grain Free White Meat Chicken &amp; Egg Recipe" class="product-grid-image product-grid-cell_main-image"></div><div class="product-grid-cell_price-tag product-grid-cell_price-tag--full-tile"><div class="product-tile_detail"><div class="product-grid-cell_price-container product-grid-cell_price-container_column"><span role="link" class="product-grid-cell_main-price product-grid-cell_main-price--on-sale"> $9.99 </span><div class="product-grid-cell_was-container"><span class="product-grid-cell_regular-price product-grid-cell_regular-price--small"> $10.49 </span></div></div></div><div class="product-tile_detail-title"><div data-v-7b5b6b2c="" role="link" tabindex="0" class="product-grid-cell_name"><h3 data-v-7b5b6b2c="" aria-label="Purina Beyond Natural Cat Food Grain Free White Meat Chicken &amp; Egg Recipe" class="product-grid-cell_name-text product-grid-cell_name-text--small"><!----> Purina Beyond Natural Cat Food Grain Free White Meat Chicken &amp; Egg Recipe </h3></div><div role="link" class="product-grid-cell_sizes"><span class="product-grid-cell_size"> 3 LB BAG </span><span aria-hidden="true"> | </span><!----><span class="product-grid-cell_unit"> $0.21 / OZ </span></div><!----></div><div class="product-grid-cell_promo-name"><!----><!----><!----><!----><!----></div><!----><div class="margin-top--one"><!----><div data-v-4e03913c="" class="pdl-add-to-cart"><div data-v-4e03913c="" class="pdl-add-to-cart_button"><button data-v-4e03913c="" aria-label="Add to Cart" data-product-id="224927" data-price="9.99" class="button button--add-to-cart"> Add to Cart <!----></button><!----></div><!----></div></div><!----></div></div><!----><!----><div class="product-tile_action-items"><!----><!----><div class="shopping-list-menu_container"><div><button aria-label="add to shopping list" class="button pdl-product-detail_top-icon button--fourth pdl-product-detail_top-icon--borderless"><!----><div class="vector-icon-size--large"><svg xmlns="http://www.w3.org/2000/svg" aria-label="Shopping List Icon Add" viewBox="0 0 32 32" role="presentation" aria-hidden="true" focusable="false" class="vector-icon-color--dark-grey"><title lang="en">Shopping List Icon Add</title><desc></desc><g fill="" stroke=""><path d="M21.94066,15.3368884 L21.94066,12.8931995 C21.94066,12.3409148 22.3883752,11.8931995 22.94066,11.8931995 C23.4929447,11.8931995 23.94066,12.3409148 23.94066,12.8931995 L23.94066,15.3368884 L26.2522624,15.3368884 C26.8045471,15.3368884 27.2522624,15.7846037 27.2522624,16.3368884 C27.2522624,16.8891732 26.8045471,17.3368884 26.2522624,17.3368884 L23.94066,17.3368884 L23.94066,19.8787952 C23.94066,20.43108 23.4929447,20.8787952 22.94066,20.8787952 C22.3883752,20.8787952 21.94066,20.43108 21.94066,19.8787952 L21.94066,17.3368884 L19.2666667,17.3368884 C18.7143819,17.3368884 18.2666667,16.8891732 18.2666667,16.3368884 C18.2666667,15.7846037 18.7143819,15.3368884 19.2666667,15.3368884 L21.94066,15.3368884 Z M8,12 C7.44771525,12 7,11.5522847 7,11 C7,10.4477153 7.44771525,10 8,10 L19.1153581,10 C19.6676429,10 20.1153581,10.4477153 20.1153581,11 C20.1153581,11.5522847 19.6676429,12 19.1153581,12 L8,12 Z M8,17.3368884 C7.44771525,17.3368884 7,16.8891732 7,16.3368884 C7,15.7846037 7.44771525,15.3368884 8,15.3368884 L14.7200696,15.3368884 C15.2723543,15.3368884 15.7200696,15.7846037 15.7200696,16.3368884 C15.7200696,16.8891732 15.2723543,17.3368884 14.7200696,17.3368884 L8,17.3368884 Z M8,23 C7.44771525,23 7,22.5522847 7,22 C7,21.4477153 7.44771525,21 8,21 L19.1153581,21 C19.6676429,21 20.1153581,21.4477153 20.1153581,22 C20.1153581,22.5522847 19.6676429,23 19.1153581,23 L8,23 Z" fill="#000000" fill-rule="nonzero"></path></g></svg></div><div class="pdl-product-detail_list-tooltip"><p>Add item to shopping list</p><i></i></div></button><!----></div></div></div><!----></li><!----><!----><!----><li id="product-115" tabindex="-1" data-product-id="224940" aria-label="Purina Beyond Small Dog White Meat Chicken Barley &amp; Egg Recipe Natural" class="tile product-cell product-grid-cell"><!----><!----><!----><div class="product-tile_content"><div><!----><div class="flag_outer-container"><span class="flag_label flag_label--tomato"> Sale </span><!----><!----></div></div><!----><div><img src="./Search Results _ Giant_files/2QN26.jpg" alt="Purina Beyond Small Dog White Meat Chicken Barley &amp; Egg Recipe Natural" class="product-grid-image product-grid-cell_main-image"></div><div class="product-grid-cell_price-tag product-grid-cell_price-tag--full-tile"><div class="product-tile_detail"><div class="product-grid-cell_price-container product-grid-cell_price-container_column"><span role="link" class="product-grid-cell_main-price product-grid-cell_main-price--on-sale"> $9.99 </span><div class="product-grid-cell_was-container"><span class="product-grid-cell_regular-price product-grid-cell_regular-price--small"> $10.49 </span></div></div></div><div class="product-tile_detail-title"><div data-v-7b5b6b2c="" role="link" tabindex="0" class="product-grid-cell_name"><h3 data-v-7b5b6b2c="" aria-label="Purina Beyond Small Dog White Meat Chicken Barley &amp; Egg Recipe Natural" class="product-grid-cell_name-text product-grid-cell_name-text--small"><!----> Purina Beyond Small Dog White Meat Chicken Barley &amp; Egg Recipe Natural </h3></div><div role="link" class="product-grid-cell_sizes"><span class="product-grid-cell_size"> 3.7 LB BAG </span><span aria-hidden="true"> | </span><!----><span class="product-grid-cell_unit"> $0.17 / OZ </span></div><!----></div><div class="product-grid-cell_promo-name"><!----><!----><!----><!----><!----></div><!----><div class="margin-top--one"><!----><div data-v-4e03913c="" class="pdl-add-to-cart"><div data-v-4e03913c="" class="pdl-add-to-cart_button"><button data-v-4e03913c="" aria-label="Add to Cart" data-product-id="224940" data-price="9.99" class="button button--add-to-cart"> Add to Cart <!----></button><!----></div><!----></div></div><!----></div></div><!----><!----><div class="product-tile_action-items"><!----><!----><div class="shopping-list-menu_container"><div><button aria-label="add to shopping list" class="button pdl-product-detail_top-icon button--fourth pdl-product-detail_top-icon--borderless"><!----><div class="vector-icon-size--large"><svg xmlns="http://www.w3.org/2000/svg" aria-label="Shopping List Icon Add" viewBox="0 0 32 32" role="presentation" aria-hidden="true" focusable="false" class="vector-icon-color--dark-grey"><title lang="en">Shopping List Icon Add</title><desc></desc><g fill="" stroke=""><path d="M21.94066,15.3368884 L21.94066,12.8931995 C21.94066,12.3409148 22.3883752,11.8931995 22.94066,11.8931995 C23.4929447,11.8931995 23.94066,12.3409148 23.94066,12.8931995 L23.94066,15.3368884 L26.2522624,15.3368884 C26.8045471,15.3368884 27.2522624,15.7846037 27.2522624,16.3368884 C27.2522624,16.8891732 26.8045471,17.3368884 26.2522624,17.3368884 L23.94066,17.3368884 L23.94066,19.8787952 C23.94066,20.43108 23.4929447,20.8787952 22.94066,20.8787952 C22.3883752,20.8787952 21.94066,20.43108 21.94066,19.8787952 L21.94066,17.3368884 L19.2666667,17.3368884 C18.7143819,17.3368884 18.2666667,16.8891732 18.2666667,16.3368884 C18.2666667,15.7846037 18.7143819,15.3368884 19.2666667,15.3368884 L21.94066,15.3368884 Z M8,12 C7.44771525,12 7,11.5522847 7,11 C7,10.4477153 7.44771525,10 8,10 L19.1153581,10 C19.6676429,10 20.1153581,10.4477153 20.1153581,11 C20.1153581,11.5522847 19.6676429,12 19.1153581,12 L8,12 Z M8,17.3368884 C7.44771525,17.3368884 7,16.8891732 7,16.3368884 C7,15.7846037 7.44771525,15.3368884 8,15.3368884 L14.7200696,15.3368884 C15.2723543,15.3368884 15.7200696,15.7846037 15.7200696,16.3368884 C15.7200696,16.8891732 15.2723543,17.3368884 14.7200696,17.3368884 L8,17.3368884 Z M8,23 C7.44771525,23 7,22.5522847 7,22 C7,21.4477153 7.44771525,21 8,21 L19.1153581,21 C19.6676429,21 20.1153581,21.4477153 20.1153581,22 C20.1153581,22.5522847 19.6676429,23 19.1153581,23 L8,23 Z" fill="#000000" fill-rule="nonzero"></path></g></svg></div><div class="pdl-product-detail_list-tooltip"><p>Add item to shopping list</p><i></i></div></button><!----></div></div></div><!----></li><!----><!----><!----><li id="product-116" tabindex="-1" data-product-id="225642" aria-label="Purina Beyond Indoor Cat Food Salmon Egg &amp; Sweet Potato Grain Free" class="tile product-cell product-grid-cell"><!----><!----><!----><div class="product-tile_content"><div><!----><div class="flag_outer-container"><!----><!----><!----></div></div><!----><div><img src="./Search Results _ Giant_files/FYFOT.png" alt="Purina Beyond Indoor Cat Food Salmon Egg &amp; Sweet Potato Grain Free" class="product-grid-image product-grid-cell_main-image"></div><div class="product-grid-cell_price-tag product-grid-cell_price-tag--full-tile"><div class="product-tile_detail"><div class="product-grid-cell_price-container"><span role="link" class="product-grid-cell_main-price"> $17.29 </span><!----></div></div><div class="product-tile_detail-title"><div data-v-7b5b6b2c="" role="link" tabindex="0" class="product-grid-cell_name"><h3 data-v-7b5b6b2c="" aria-label="Purina Beyond Indoor Cat Food Salmon Egg &amp; Sweet Potato Grain Free" class="product-grid-cell_name-text product-grid-cell_name-text--small"><!----> Purina Beyond Indoor Cat Food Salmon Egg &amp; Sweet Potato Grain Free </h3></div><div role="link" class="product-grid-cell_sizes"><span class="product-grid-cell_size"> 5 LB BAG </span><span aria-hidden="true"> | </span><!----><span class="product-grid-cell_unit"> $0.22 / OZ </span></div><!----></div><div class="product-grid-cell_promo-name"><!----><!----><!----><!----><!----></div><!----><div class="margin-top--one"><!----><div data-v-4e03913c="" class="pdl-add-to-cart"><div data-v-4e03913c="" class="pdl-add-to-cart_button"><button data-v-4e03913c="" aria-label="Add to Cart" data-product-id="225642" data-price="17.29" class="button button--add-to-cart"> Add to Cart <!----></button><!----></div><!----></div></div><!----></div></div><!----><!----><div class="product-tile_action-items"><!----><!----><div class="shopping-list-menu_container"><div><button aria-label="add to shopping list" class="button pdl-product-detail_top-icon button--fourth pdl-product-detail_top-icon--borderless"><!----><div class="vector-icon-size--large"><svg xmlns="http://www.w3.org/2000/svg" aria-label="Shopping List Icon Add" viewBox="0 0 32 32" role="presentation" aria-hidden="true" focusable="false" class="vector-icon-color--dark-grey"><title lang="en">Shopping List Icon Add</title><desc></desc><g fill="" stroke=""><path d="M21.94066,15.3368884 L21.94066,12.8931995 C21.94066,12.3409148 22.3883752,11.8931995 22.94066,11.8931995 C23.4929447,11.8931995 23.94066,12.3409148 23.94066,12.8931995 L23.94066,15.3368884 L26.2522624,15.3368884 C26.8045471,15.3368884 27.2522624,15.7846037 27.2522624,16.3368884 C27.2522624,16.8891732 26.8045471,17.3368884 26.2522624,17.3368884 L23.94066,17.3368884 L23.94066,19.8787952 C23.94066,20.43108 23.4929447,20.8787952 22.94066,20.8787952 C22.3883752,20.8787952 21.94066,20.43108 21.94066,19.8787952 L21.94066,17.3368884 L19.2666667,17.3368884 C18.7143819,17.3368884 18.2666667,16.8891732 18.2666667,16.3368884 C18.2666667,15.7846037 18.7143819,15.3368884 19.2666667,15.3368884 L21.94066,15.3368884 Z M8,12 C7.44771525,12 7,11.5522847 7,11 C7,10.4477153 7.44771525,10 8,10 L19.1153581,10 C19.6676429,10 20.1153581,10.4477153 20.1153581,11 C20.1153581,11.5522847 19.6676429,12 19.1153581,12 L8,12 Z M8,17.3368884 C7.44771525,17.3368884 7,16.8891732 7,16.3368884 C7,15.7846037 7.44771525,15.3368884 8,15.3368884 L14.7200696,15.3368884 C15.2723543,15.3368884 15.7200696,15.7846037 15.7200696,16.3368884 C15.7200696,16.8891732 15.2723543,17.3368884 14.7200696,17.3368884 L8,17.3368884 Z M8,23 C7.44771525,23 7,22.5522847 7,22 C7,21.4477153 7.44771525,21 8,21 L19.1153581,21 C19.6676429,21 20.1153581,21.4477153 20.1153581,22 C20.1153581,22.5522847 19.6676429,23 19.1153581,23 L8,23 Z" fill="#000000" fill-rule="nonzero"></path></g></svg></div><div class="pdl-product-detail_list-tooltip"><p>Add item to shopping list</p><i></i></div></button><!----></div></div></div><!----></li><!----><!----><!----><li id="product-117" tabindex="-1" data-product-id="226115" aria-label="El Monterey Burritos Egg, Applewood Smoked Bacon &amp; Cheese - 8 ct" class="tile product-cell product-grid-cell"><!----><!----><!----><div class="product-tile_content"><div><!----><div class="flag_outer-container"><!----><!----><!----></div></div><!----><div><img src="./Search Results _ Giant_files/S6UDD.png" alt="El Monterey Burritos Egg, Applewood Smoked Bacon &amp; Cheese - 8 ct" class="product-grid-image product-grid-cell_main-image"></div><div class="product-grid-cell_price-tag product-grid-cell_price-tag--full-tile"><div class="product-tile_detail"><div class="product-grid-cell_price-container"><span role="link" class="product-grid-cell_main-price"> $9.49 </span><!----></div></div><div class="product-tile_detail-title"><div data-v-7b5b6b2c="" role="link" tabindex="0" class="product-grid-cell_name"><h3 data-v-7b5b6b2c="" aria-label="El Monterey Burritos Egg, Applewood Smoked Bacon &amp; Cheese - 8 ct" class="product-grid-cell_name-text product-grid-cell_name-text--small"><!----> El Monterey Burritos Egg, Applewood Smoked Bacon &amp; Cheese - 8 ct </h3></div><div role="link" class="product-grid-cell_sizes"><span class="product-grid-cell_size"> 36 OZ PKG </span><span aria-hidden="true"> | </span><!----><span class="product-grid-cell_unit"> $0.26 / OZ </span></div><!----></div><div class="product-grid-cell_promo-name"><!----><!----><!----><!----><!----></div><!----><div class="margin-top--one"><!----><div data-v-4e03913c="" class="pdl-add-to-cart"><div data-v-4e03913c="" class="pdl-add-to-cart_button"><button data-v-4e03913c="" aria-label="Add to Cart" data-product-id="226115" data-price="9.49" class="button button--add-to-cart"> Add to Cart <!----></button><!----></div><!----></div></div><!----></div></div><!----><!----><div class="product-tile_action-items"><!----><!----><div class="shopping-list-menu_container"><div><button aria-label="add to shopping list" class="button pdl-product-detail_top-icon button--fourth pdl-product-detail_top-icon--borderless"><!----><div class="vector-icon-size--large"><svg xmlns="http://www.w3.org/2000/svg" aria-label="Shopping List Icon Add" viewBox="0 0 32 32" role="presentation" aria-hidden="true" focusable="false" class="vector-icon-color--dark-grey"><title lang="en">Shopping List Icon Add</title><desc></desc><g fill="" stroke=""><path d="M21.94066,15.3368884 L21.94066,12.8931995 C21.94066,12.3409148 22.3883752,11.8931995 22.94066,11.8931995 C23.4929447,11.8931995 23.94066,12.3409148 23.94066,12.8931995 L23.94066,15.3368884 L26.2522624,15.3368884 C26.8045471,15.3368884 27.2522624,15.7846037 27.2522624,16.3368884 C27.2522624,16.8891732 26.8045471,17.3368884 26.2522624,17.3368884 L23.94066,17.3368884 L23.94066,19.8787952 C23.94066,20.43108 23.4929447,20.8787952 22.94066,20.8787952 C22.3883752,20.8787952 21.94066,20.43108 21.94066,19.8787952 L21.94066,17.3368884 L19.2666667,17.3368884 C18.7143819,17.3368884 18.2666667,16.8891732 18.2666667,16.3368884 C18.2666667,15.7846037 18.7143819,15.3368884 19.2666667,15.3368884 L21.94066,15.3368884 Z M8,12 C7.44771525,12 7,11.5522847 7,11 C7,10.4477153 7.44771525,10 8,10 L19.1153581,10 C19.6676429,10 20.1153581,10.4477153 20.1153581,11 C20.1153581,11.5522847 19.6676429,12 19.1153581,12 L8,12 Z M8,17.3368884 C7.44771525,17.3368884 7,16.8891732 7,16.3368884 C7,15.7846037 7.44771525,15.3368884 8,15.3368884 L14.7200696,15.3368884 C15.2723543,15.3368884 15.7200696,15.7846037 15.7200696,16.3368884 C15.7200696,16.8891732 15.2723543,17.3368884 14.7200696,17.3368884 L8,17.3368884 Z M8,23 C7.44771525,23 7,22.5522847 7,22 C7,21.4477153 7.44771525,21 8,21 L19.1153581,21 C19.6676429,21 20.1153581,21.4477153 20.1153581,22 C20.1153581,22.5522847 19.6676429,23 19.1153581,23 L8,23 Z" fill="#000000" fill-rule="nonzero"></path></g></svg></div><div class="pdl-product-detail_list-tooltip"><p>Add item to shopping list</p><i></i></div></button><!----></div></div></div><!----></li><!----><!----><!----><li id="product-118" tabindex="-1" data-product-id="226165" aria-label="Jimmy Dean Delights English Muffin - 4 ct" class="tile product-cell product-grid-cell"><!----><!----><!----><div class="product-tile_content"><div><!----><div class="flag_outer-container"><span class="flag_label flag_label--tomato"> Sale </span><!----><!----></div></div><!----><div><img src="./Search Results _ Giant_files/FBD5N.jpg" alt="Jimmy Dean Delights English Muffin - 4 ct" class="product-grid-image product-grid-cell_main-image"></div><div class="product-grid-cell_price-tag product-grid-cell_price-tag--full-tile"><div class="product-tile_detail"><div class="product-grid-cell_price-container product-grid-cell_price-container_column"><span role="link" class="product-grid-cell_main-price product-grid-cell_main-price--on-sale"> $6.49 </span><div class="product-grid-cell_was-container"><span class="product-grid-cell_regular-price product-grid-cell_regular-price--small"> $7.49 </span></div></div></div><div class="product-tile_detail-title"><div data-v-7b5b6b2c="" role="link" tabindex="0" class="product-grid-cell_name"><h3 data-v-7b5b6b2c="" aria-label="Jimmy Dean Delights English Muffin - 4 ct" class="product-grid-cell_name-text product-grid-cell_name-text--small"><!----> Jimmy Dean Delights English Muffin - 4 ct </h3></div><div role="link" class="product-grid-cell_sizes"><span class="product-grid-cell_size"> 20.4 OZ BOX </span><span aria-hidden="true"> | </span><!----><span class="product-grid-cell_unit"> $0.32 / OZ </span></div><!----></div><div class="product-grid-cell_promo-name"><!----><!----><!----><!----><!----></div><!----><div class="margin-top--one"><!----><div data-v-4e03913c="" class="pdl-add-to-cart"><div data-v-4e03913c="" class="pdl-add-to-cart_button"><button data-v-4e03913c="" aria-label="Add to Cart" data-product-id="226165" data-price="6.49" class="button button--add-to-cart"> Add to Cart <!----></button><!----></div><!----></div></div><!----></div></div><!----><!----><div class="product-tile_action-items"><!----><!----><div class="shopping-list-menu_container"><div><button aria-label="add to shopping list" class="button pdl-product-detail_top-icon button--fourth pdl-product-detail_top-icon--borderless"><!----><div class="vector-icon-size--large"><svg xmlns="http://www.w3.org/2000/svg" aria-label="Shopping List Icon Add" viewBox="0 0 32 32" role="presentation" aria-hidden="true" focusable="false" class="vector-icon-color--dark-grey"><title lang="en">Shopping List Icon Add</title><desc></desc><g fill="" stroke=""><path d="M21.94066,15.3368884 L21.94066,12.8931995 C21.94066,12.3409148 22.3883752,11.8931995 22.94066,11.8931995 C23.4929447,11.8931995 23.94066,12.3409148 23.94066,12.8931995 L23.94066,15.3368884 L26.2522624,15.3368884 C26.8045471,15.3368884 27.2522624,15.7846037 27.2522624,16.3368884 C27.2522624,16.8891732 26.8045471,17.3368884 26.2522624,17.3368884 L23.94066,17.3368884 L23.94066,19.8787952 C23.94066,20.43108 23.4929447,20.8787952 22.94066,20.8787952 C22.3883752,20.8787952 21.94066,20.43108 21.94066,19.8787952 L21.94066,17.3368884 L19.2666667,17.3368884 C18.7143819,17.3368884 18.2666667,16.8891732 18.2666667,16.3368884 C18.2666667,15.7846037 18.7143819,15.3368884 19.2666667,15.3368884 L21.94066,15.3368884 Z M8,12 C7.44771525,12 7,11.5522847 7,11 C7,10.4477153 7.44771525,10 8,10 L19.1153581,10 C19.6676429,10 20.1153581,10.4477153 20.1153581,11 C20.1153581,11.5522847 19.6676429,12 19.1153581,12 L8,12 Z M8,17.3368884 C7.44771525,17.3368884 7,16.8891732 7,16.3368884 C7,15.7846037 7.44771525,15.3368884 8,15.3368884 L14.7200696,15.3368884 C15.2723543,15.3368884 15.7200696,15.7846037 15.7200696,16.3368884 C15.7200696,16.8891732 15.2723543,17.3368884 14.7200696,17.3368884 L8,17.3368884 Z M8,23 C7.44771525,23 7,22.5522847 7,22 C7,21.4477153 7.44771525,21 8,21 L19.1153581,21 C19.6676429,21 20.1153581,21.4477153 20.1153581,22 C20.1153581,22.5522847 19.6676429,23 19.1153581,23 L8,23 Z" fill="#000000" fill-rule="nonzero"></path></g></svg></div><div class="pdl-product-detail_list-tooltip"><p>Add item to shopping list</p><i></i></div></button><!----></div></div></div><!----></li><!----><!----><!----><li id="product-119" tabindex="-1" data-product-id="226445" aria-label="Blue Buffalo Dog Treats Health Bars Bacon, Egg &amp; Cheese Natural" class="tile product-cell product-grid-cell"><!----><!----><!----><div class="product-tile_content"><div><!----><div class="flag_outer-container"><!----><!----><!----></div></div><!----><div><img src="./Search Results _ Giant_files/3YAIG.jpg" alt="Blue Buffalo Dog Treats Health Bars Bacon, Egg &amp; Cheese Natural" class="product-grid-image product-grid-cell_main-image"></div><div class="product-grid-cell_price-tag product-grid-cell_price-tag--full-tile"><div class="product-tile_detail"><div class="product-grid-cell_price-container"><span role="link" class="product-grid-cell_main-price"> $5.19 </span><!----></div></div><div class="product-tile_detail-title"><div data-v-7b5b6b2c="" role="link" tabindex="0" class="product-grid-cell_name"><h3 data-v-7b5b6b2c="" aria-label="Blue Buffalo Dog Treats Health Bars Bacon, Egg &amp; Cheese Natural" class="product-grid-cell_name-text product-grid-cell_name-text--small"><!----> Blue Buffalo Dog Treats Health Bars Bacon, Egg &amp; Cheese Natural </h3></div><div role="link" class="product-grid-cell_sizes"><span class="product-grid-cell_size"> 16 OZ BAG </span><span aria-hidden="true"> | </span><!----><span class="product-grid-cell_unit"> $0.32 / OZ </span></div><!----></div><div class="product-grid-cell_promo-name"><!----><!----><!----><!----><!----></div><!----><div class="margin-top--one"><!----><div data-v-4e03913c="" class="pdl-add-to-cart"><div data-v-4e03913c="" class="pdl-add-to-cart_button"><button data-v-4e03913c="" aria-label="Add to Cart" data-product-id="226445" data-price="5.19" class="button button--add-to-cart"> Add to Cart <!----></button><!----></div><!----></div></div><!----></div></div><!----><!----><div class="product-tile_action-items"><!----><!----><div class="shopping-list-menu_container"><div><button aria-label="add to shopping list" class="button pdl-product-detail_top-icon button--fourth pdl-product-detail_top-icon--borderless"><!----><div class="vector-icon-size--large"><svg xmlns="http://www.w3.org/2000/svg" aria-label="Shopping List Icon Add" viewBox="0 0 32 32" role="presentation" aria-hidden="true" focusable="false" class="vector-icon-color--dark-grey"><title lang="en">Shopping List Icon Add</title><desc></desc><g fill="" stroke=""><path d="M21.94066,15.3368884 L21.94066,12.8931995 C21.94066,12.3409148 22.3883752,11.8931995 22.94066,11.8931995 C23.4929447,11.8931995 23.94066,12.3409148 23.94066,12.8931995 L23.94066,15.3368884 L26.2522624,15.3368884 C26.8045471,15.3368884 27.2522624,15.7846037 27.2522624,16.3368884 C27.2522624,16.8891732 26.8045471,17.3368884 26.2522624,17.3368884 L23.94066,17.3368884 L23.94066,19.8787952 C23.94066,20.43108 23.4929447,20.8787952 22.94066,20.8787952 C22.3883752,20.8787952 21.94066,20.43108 21.94066,19.8787952 L21.94066,17.3368884 L19.2666667,17.3368884 C18.7143819,17.3368884 18.2666667,16.8891732 18.2666667,16.3368884 C18.2666667,15.7846037 18.7143819,15.3368884 19.2666667,15.3368884 L21.94066,15.3368884 Z M8,12 C7.44771525,12 7,11.5522847 7,11 C7,10.4477153 7.44771525,10 8,10 L19.1153581,10 C19.6676429,10 20.1153581,10.4477153 20.1153581,11 C20.1153581,11.5522847 19.6676429,12 19.1153581,12 L8,12 Z M8,17.3368884 C7.44771525,17.3368884 7,16.8891732 7,16.3368884 C7,15.7846037 7.44771525,15.3368884 8,15.3368884 L14.7200696,15.3368884 C15.2723543,15.3368884 15.7200696,15.7846037 15.7200696,16.3368884 C15.7200696,16.8891732 15.2723543,17.3368884 14.7200696,17.3368884 L8,17.3368884 Z M8,23 C7.44771525,23 7,22.5522847 7,22 C7,21.4477153 7.44771525,21 8,21 L19.1153581,21 C19.6676429,21 20.1153581,21.4477153 20.1153581,22 C20.1153581,22.5522847 19.6676429,23 19.1153581,23 L8,23 Z" fill="#000000" fill-rule="nonzero"></path></g></svg></div><div class="pdl-product-detail_list-tooltip"><p>Add item to shopping list</p><i></i></div></button><!----></div></div></div><!----></li><!----><!----><!----><li id="product-120" tabindex="-1" data-product-id="227400" aria-label="El Monterey Signature Burritos Egg, Sausage, Cheese &amp; Potato - 8 ct" class="tile product-cell product-grid-cell"><!----><!----><!----><div class="product-tile_content"><div><!----><div class="flag_outer-container"><!----><!----><!----></div></div><!----><div><img src="./Search Results _ Giant_files/H5738.png" alt="El Monterey Signature Burritos Egg, Sausage, Cheese &amp; Potato - 8 ct" class="product-grid-image product-grid-cell_main-image"></div><div class="product-grid-cell_price-tag product-grid-cell_price-tag--full-tile"><div class="product-tile_detail"><div class="product-grid-cell_price-container"><span role="link" class="product-grid-cell_main-price"> $9.49 </span><!----></div></div><div class="product-tile_detail-title"><div data-v-7b5b6b2c="" role="link" tabindex="0" class="product-grid-cell_name"><h3 data-v-7b5b6b2c="" aria-label="El Monterey Signature Burritos Egg, Sausage, Cheese &amp; Potato - 8 ct" class="product-grid-cell_name-text product-grid-cell_name-text--small"><!----> El Monterey Signature Burritos Egg, Sausage, Cheese &amp; Potato - 8 ct </h3></div><div role="link" class="product-grid-cell_sizes"><span class="product-grid-cell_size"> 36 OZ PKG </span><span aria-hidden="true"> | </span><!----><span class="product-grid-cell_unit"> $0.26 / OZ </span></div><!----></div><div class="product-grid-cell_promo-name"><!----><!----><!----><!----><!----></div><!----><div class="margin-top--one"><!----><div data-v-4e03913c="" class="pdl-add-to-cart"><div data-v-4e03913c="" class="pdl-add-to-cart_button"><button data-v-4e03913c="" aria-label="Add to Cart" data-product-id="227400" data-price="9.49" class="button button--add-to-cart"> Add to Cart <!----></button><!----></div><!----></div></div><!----></div></div><!----><!----><div class="product-tile_action-items"><!----><!----><div class="shopping-list-menu_container"><div><button aria-label="add to shopping list" class="button pdl-product-detail_top-icon button--fourth pdl-product-detail_top-icon--borderless"><!----><div class="vector-icon-size--large"><svg xmlns="http://www.w3.org/2000/svg" aria-label="Shopping List Icon Add" viewBox="0 0 32 32" role="presentation" aria-hidden="true" focusable="false" class="vector-icon-color--dark-grey"><title lang="en">Shopping List Icon Add</title><desc></desc><g fill="" stroke=""><path d="M21.94066,15.3368884 L21.94066,12.8931995 C21.94066,12.3409148 22.3883752,11.8931995 22.94066,11.8931995 C23.4929447,11.8931995 23.94066,12.3409148 23.94066,12.8931995 L23.94066,15.3368884 L26.2522624,15.3368884 C26.8045471,15.3368884 27.2522624,15.7846037 27.2522624,16.3368884 C27.2522624,16.8891732 26.8045471,17.3368884 26.2522624,17.3368884 L23.94066,17.3368884 L23.94066,19.8787952 C23.94066,20.43108 23.4929447,20.8787952 22.94066,20.8787952 C22.3883752,20.8787952 21.94066,20.43108 21.94066,19.8787952 L21.94066,17.3368884 L19.2666667,17.3368884 C18.7143819,17.3368884 18.2666667,16.8891732 18.2666667,16.3368884 C18.2666667,15.7846037 18.7143819,15.3368884 19.2666667,15.3368884 L21.94066,15.3368884 Z M8,12 C7.44771525,12 7,11.5522847 7,11 C7,10.4477153 7.44771525,10 8,10 L19.1153581,10 C19.6676429,10 20.1153581,10.4477153 20.1153581,11 C20.1153581,11.5522847 19.6676429,12 19.1153581,12 L8,12 Z M8,17.3368884 C7.44771525,17.3368884 7,16.8891732 7,16.3368884 C7,15.7846037 7.44771525,15.3368884 8,15.3368884 L14.7200696,15.3368884 C15.2723543,15.3368884 15.7200696,15.7846037 15.7200696,16.3368884 C15.7200696,16.8891732 15.2723543,17.3368884 14.7200696,17.3368884 L8,17.3368884 Z M8,23 C7.44771525,23 7,22.5522847 7,22 C7,21.4477153 7.44771525,21 8,21 L19.1153581,21 C19.6676429,21 20.1153581,21.4477153 20.1153581,22 C20.1153581,22.5522847 19.6676429,23 19.1153581,23 L8,23 Z" fill="#000000" fill-rule="nonzero"></path></g></svg></div><div class="pdl-product-detail_list-tooltip"><p>Add item to shopping list</p><i></i></div></button><!----></div></div></div><!----></li></ul></div></div></div><div id="panel-articles" role="tabpanel" aria-labelledby="articles" aria-hidden="true" style="display: none;"><div ng-include="&#39;/shop/site/pages/omni-search/article-search-result.html&#39;"><!----></div></div><div id="panel-savings" role="tabpanel" aria-labelledby="savings" aria-hidden="true" style="display: none;"><div ng-include="&#39;/shop/site/pages/omni-search/coupon-search-result.html&#39;"><!----></div></div></div></div></div><div class="product-view--load-more" data-attribute="page"><button id="view-more-button" type="submit" class="button button--prime button button--second button-width--lg"><!----> View More </button></div></div></div><div class="content-behind product-view product-view-search"><div ng-show="!config.isCouponSearch &amp;&amp; !config.isArticleSearch" class=""><div class="product-view--load-more" ng-show="!updatingProductSet"><!----><div id="empty-search-products" class="product-view product-view-search"><pdl-generic-content-region v-bind:content-data="regionData" v-on:redirect="redirect" v-on:update-cart="updateCart" v-on:open-coupon-modal="openCouponModal" v-on:open-auth-modal="openAuthenticationModal"></pdl-generic-content-region></div></div></div></div><footer-module><div id="pdl-footer-mount-point"><footer class="site-footer"><div class="site-footer_max-width-container"><div class="spyglass-nav-group_wrapper site-footer_link-section"><!----><div id="site-footer_robot-col-id-1" class="site-footer_col site-footer_col_1"><div><div class="site-footer_parent-link-wrapper"><a href="https://giantfood.com/" aria-label="footer store locator" class="site-footer_link--bolded"> Store Locator </a></div></div><div><div class="site-footer_parent-link-wrapper"><a target="_blank" href="https://recipecenter.giantfood.com/savory/recipes" aria-label="footer recipes" class="site-footer_link--bolded"> Recipes </a></div></div><div><div class="site-footer_parent-link-wrapper"><a href="https://giantfood.com/" aria-label="footer pharmacy" class="site-footer_link--bolded"> Pharmacy </a></div></div><div><div class="site-footer_parent-link-wrapper"><a href="https://giantfood.com/" aria-label="footer catering" class="site-footer_link--bolded"> Catering </a></div></div><div><div class="site-footer_parent-link-wrapper"><a href="https://giantfood.com/" aria-label="footer floral" class="site-footer_link--bolded"> Floral </a></div></div><div><div class="site-footer_parent-link-wrapper"><a href="https://giantfood.com/" aria-label="footer gift cards" class="site-footer_link--bolded"> Gift Cards </a></div></div><div><div class="site-footer_parent-link-wrapper"><a href="https://giantfood.com/" aria-label="footer wellness" class="site-footer_link--bolded"> Wellness </a></div></div><div><div class="site-footer_parent-link-wrapper"><a href="https://giantfood.com/" aria-label="footer delivery / pickup times" class="site-footer_link--bolded"> Delivery / Pickup Times </a></div></div></div><div id="site-footer_robot-col-id-2" class="site-footer_col site-footer_col_2"><div><div class="accordion-list"><div class="accordion-list_parent-bar"><a class="accordion-list_parent">About</a></div><div><ul class="accordion-list_child-link-list--is-expanded"><li class="accordion-list_child"><a href="https://giantfood.com/" aria-label="footer our story" class="accordion-list_child-link"> Our Story </a></li><li class="accordion-list_child"><a href="https://giantfood.com/" aria-label="footer fresh stories" class="accordion-list_child-link"> Fresh Stories </a></li><li class="accordion-list_child"><a href="https://giantfood.com/" aria-label="footer private brands" class="accordion-list_child-link"> Private Brands </a></li><li class="accordion-list_child"><a href="https://giantfood.com/" aria-label="footer news &amp; media" class="accordion-list_child-link"> News &amp; Media </a></li><li class="accordion-list_child"><a href="https://giantfood.com/" aria-label="footer community" class="accordion-list_child-link"> Community </a></li><li class="accordion-list_child"><a href="https://giantfood.com/" aria-label="footer security" class="accordion-list_child-link"> Security </a></li><li class="accordion-list_child"><a target="_blank" href="https://giantfood.com/groceries/index.html" aria-label="footer products" class="accordion-list_child-link"> Products </a></li></ul></div></div></div></div><div id="site-footer_robot-col-id-3" class="site-footer_col site-footer_col_3"><div><div class="accordion-list"><div class="accordion-list_parent-bar"><a class="accordion-list_parent">Customer Support</a></div><div><ul class="accordion-list_child-link-list--is-expanded"><li class="accordion-list_child"><a href="https://giantfood.com/" aria-label="footer contact us" class="accordion-list_child-link"> Contact Us </a></li><li class="accordion-list_child"><a href="https://giantfood.com/" aria-label="footer help" class="accordion-list_child-link"> Help </a></li><li class="accordion-list_child"><a href="https://giantfood.com/" aria-label="footer coupon policy" class="accordion-list_child-link"> Coupon Policy </a></li><li class="accordion-list_child"><a href="https://giantfood.com/" aria-label="footer food safety" class="accordion-list_child-link"> Food Safety </a></li><li class="accordion-list_child"><a href="https://giantfood.com/" aria-label="footer product recalls" class="accordion-list_child-link"> Product Recalls </a></li><li class="accordion-list_child"><a target="_blank" href="https://refer.giantfood.com/consumer_global_footer" aria-label="footer refer-a-friend" class="accordion-list_child-link"> Refer-a-friend </a></li><li class="accordion-list_child"><a href="https://giantfood.com/" aria-label="footer covid-19" class="accordion-list_child-link"> COVID-19 </a></li><li class="accordion-list_child"><a href="https://giantfood.com/" aria-label="footer business delivery" class="accordion-list_child-link"> Business Delivery </a></li></ul></div></div></div></div><div id="site-footer_robot-col-id-4" class="site-footer_col site-footer_col_4"><div><div class="accordion-list"><div class="accordion-list_parent-bar"><a class="accordion-list_parent">Company</a></div><div><ul class="accordion-list_child-link-list--is-expanded"><li class="accordion-list_child"><a href="https://giantfood.com/" aria-label="footer careers" class="accordion-list_child-link"> Careers </a></li><li class="accordion-list_child"><a target="_blank" href="https://www.rangeme.com/aholddelhaizeusbrands" aria-label="footer new suppliers" class="accordion-list_child-link"> New Suppliers </a></li><li class="accordion-list_child"><a href="https://giantfood.com/" aria-label="footer store departments" class="accordion-list_child-link"> Store Departments </a></li></ul></div></div></div></div></div><div class="social-media-callouts spyglass-nav-group_wrapper"><!----><a target="_blank" href="https://www.pinterest.com/giantfood/" aria-label="Our Pinterest"><div class="vector-icon-size--medium"><svg xmlns="http://www.w3.org/2000/svg" aria-label="Pinterest" viewBox="0 0 30 30" role="presentation" aria-hidden="true" focusable="false" class=""><title lang="en">Pinterest</title><desc></desc><g fill="" stroke=""><!----><path d="M0 9.328c0-5.766 5.281-9.328 10.625-9.328 4.906 0 9.375 3.375 9.375 8.547 0 4.859-2.484 10.25-8.016 10.25-1.313 0-2.969-0.656-3.609-1.875-1.188 4.703-1.094 5.406-3.719 9l-0.219 0.078-0.141-0.156c-0.094-0.984-0.234-1.953-0.234-2.938 0-3.187 1.469-7.797 2.188-10.891-0.391-0.797-0.5-1.766-0.5-2.641 0-1.578 1.094-3.578 2.875-3.578 1.313 0 2.016 1 2.016 2.234 0 2.031-1.375 3.938-1.375 5.906 0 1.344 1.109 2.281 2.406 2.281 3.594 0 4.703-5.187 4.703-7.953 0-3.703-2.625-5.719-6.172-5.719-4.125 0-7.313 2.969-7.313 7.156 0 2.016 1.234 3.047 1.234 3.531 0 0.406-0.297 1.844-0.812 1.844-0.078 0-0.187-0.031-0.266-0.047-2.234-0.672-3.047-3.656-3.047-5.703z"></path><!----><!----><!----></g></svg></div></a><a target="_blank" href="https://www.facebook.com/GiantFood" aria-label="Our Facebook"><div class="vector-icon-size--medium"><svg xmlns="http://www.w3.org/2000/svg" aria-label="Facebook" viewBox="0 0 30 30" role="presentation" aria-hidden="true" focusable="false" class=""><title lang="en">Facebook</title><desc></desc><g fill="" stroke=""><path d="M16.625 5.25h4.375v-5.25h-4.375c-3.377 0-6.125 2.748-6.125 6.125v2.625h-3.5v5.25h3.5v14h5.25v-14h4.375l0.875-5.25h-5.25v-2.625c0-0.474 0.401-0.875 0.875-0.875z"></path><!----><!----><!----><!----></g></svg></div></a><a target="_blank" href="https://www.instagram.com/giantfood/" aria-label="Our Instagram"><div class="vector-icon-size--medium"><svg xmlns="http://www.w3.org/2000/svg" aria-label="Instagram" viewBox="0 0 30 30" role="presentation" aria-hidden="true" focusable="false" class=""><title lang="en">Instagram</title><desc></desc><g fill="" stroke=""><!----><!----><g><path d="M14 2.521c3.741 0 4.184 0.016 5.655 0.082 1.367 0.060 2.105 0.29 2.598 0.481 0.651 0.252 1.121 0.558 1.608 1.045 0.492 0.492 0.793 0.957 1.050 1.608 0.191 0.492 0.421 1.236 0.481 2.598 0.066 1.477 0.082 1.92 0.082 5.655s-0.016 4.184-0.082 5.655c-0.060 1.367-0.29 2.105-0.481 2.598-0.252 0.651-0.558 1.121-1.045 1.608-0.492 0.492-0.957 0.793-1.608 1.050-0.492 0.191-1.236 0.421-2.598 0.481-1.477 0.066-1.92 0.082-5.655 0.082s-4.184-0.016-5.655-0.082c-1.367-0.060-2.105-0.29-2.598-0.481-0.651-0.252-1.121-0.558-1.608-1.045-0.492-0.492-0.793-0.957-1.050-1.608-0.191-0.492-0.421-1.236-0.481-2.598-0.066-1.477-0.082-1.92-0.082-5.655s0.016-4.184 0.082-5.655c0.060-1.367 0.29-2.105 0.481-2.598 0.252-0.651 0.558-1.121 1.045-1.608 0.492-0.492 0.957-0.793 1.608-1.050 0.492-0.191 1.236-0.421 2.598-0.481 1.471-0.066 1.914-0.082 5.655-0.082zM14 0c-3.801 0-4.277 0.016-5.77 0.082-1.487 0.066-2.51 0.306-3.396 0.651-0.924 0.361-1.706 0.837-2.483 1.619-0.782 0.777-1.258 1.559-1.619 2.477-0.345 0.891-0.585 1.909-0.651 3.396-0.066 1.498-0.082 1.974-0.082 5.775s0.016 4.277 0.082 5.77c0.066 1.488 0.306 2.51 0.651 3.396 0.361 0.924 0.837 1.706 1.619 2.483 0.777 0.777 1.559 1.258 2.477 1.613 0.891 0.345 1.909 0.585 3.396 0.651 1.493 0.066 1.969 0.082 5.77 0.082s4.277-0.016 5.77-0.082c1.488-0.066 2.51-0.306 3.396-0.651 0.919-0.355 1.701-0.837 2.477-1.613s1.258-1.559 1.613-2.477c0.345-0.891 0.585-1.909 0.651-3.396 0.066-1.493 0.082-1.969 0.082-5.77s-0.016-4.277-0.082-5.77c-0.066-1.488-0.306-2.51-0.651-3.396-0.345-0.93-0.82-1.712-1.602-2.488-0.777-0.777-1.559-1.258-2.477-1.613-0.891-0.345-1.909-0.585-3.396-0.651-1.498-0.071-1.974-0.088-5.775-0.088v0z"></path><path d="M14 6.809c-3.97 0-7.191 3.221-7.191 7.191s3.221 7.191 7.191 7.191 7.191-3.221 7.191-7.191c0-3.97-3.221-7.191-7.191-7.191zM14 18.665c-2.576 0-4.665-2.089-4.665-4.665s2.089-4.665 4.665-4.665c2.576 0 4.665 2.089 4.665 4.665s-2.089 4.665-4.665 4.665z"></path><path d="M23.155 6.524c0 0.927-0.752 1.679-1.679 1.679s-1.679-0.752-1.679-1.679c0-0.927 0.752-1.679 1.679-1.679s1.679 0.752 1.679 1.679z"></path></g><!----><!----></g></svg></div></a><a target="_blank" href="https://twitter.com/giantfood" aria-label="Our Twitter"><div class="vector-icon-size--medium"><svg xmlns="http://www.w3.org/2000/svg" aria-label="Twitter" viewBox="0 0 30 30" role="presentation" aria-hidden="true" focusable="false" class=""><title lang="en">Twitter</title><desc></desc><g fill="" stroke=""><!----><!----><!----><path d="M32 6.118c-1.098 0.5-2.372 0.864-3.707 1.028 1.294-0.816 2.315-2.078 2.81-3.579-1.187 0.678-2.583 1.231-4.071 1.532-1.286-1.26-2.985-2.053-4.87-2.053-3.629 0-6.572 2.942-6.572 6.572 0 0.526 0.062 1.038 0.179 1.529-5.478-0.327-10.289-2.926-13.514-6.871-0.585 0.913-0.915 2.051-0.915 3.267 0 2.268 1.149 4.269 2.897 5.45-1.074-0.021-2.093-0.321-2.983-0.823 0.033 0.044 0.033 0.072 0.033 0.1 0.001 3.166 2.241 5.809 5.223 6.43-0.475 0.154-1.069 0.238-1.683 0.238-0.438 0-0.867-0.043-1.281-0.125 0.906 2.636 3.314 4.511 6.168 4.566-2.21 1.752-5.044 2.81-8.126 2.81-0.007 0-0.015 0-0.022-0-0 0-0.002 0-0.004 0-0.55 0-1.093-0.033-1.625-0.098 2.904 1.856 6.378 2.956 10.11 2.956 0.006 0 0.013 0 0.019 0 12.075 0 18.678-10.004 18.678-18.679q0-0.427-0.019-0.849c1.29-0.94 2.377-2.066 3.246-3.352z"></path><!----></g></svg></div></a><a target="_blank" href="https://www.youtube.com/channel/UC6E7s06XV0uQF_SDCQC1abw" aria-label="Our Youtube"><div class="vector-icon-size--medium"><svg xmlns="http://www.w3.org/2000/svg" aria-label="Youtube" viewBox="0 0 32 30" role="presentation" aria-hidden="true" focusable="false" class=""><title lang="en">Youtube</title><desc></desc><g fill="" stroke=""><!----><!----><!----><!----><path d="M31.68 9.655s-0.313-2.205-1.272-3.176c-1.216-1.275-2.581-1.28-3.206-1.356-4.477-0.324-11.195-0.324-11.195-0.324h-0.014s-6.717 0-11.195 0.324c-0.626 0.075-1.989 0.081-3.206 1.356-0.959 0.971-1.272 3.176-1.272 3.176-0.189 1.539-0.305 3.336-0.32 5.158l-0 2.449c0.015 1.843 0.131 3.64 0.342 5.409s0.29 1.975 1.249 2.947c1.216 1.275 2.816 1.234 3.528 1.368 2.56 0.245 10.88 0.32 10.88 0.32s6.724-0.010 11.202-0.334c0.626-0.075 1.989-0.081 3.206-1.356 0.96-0.971 1.272-3.176 1.272-3.176 0.189-1.539 0.305-3.336 0.32-5.158l0-2.447c-0.016-1.843-0.132-3.641-0.343-5.409zM12.696 20.204v-8.992l8.646 4.512z"></path></g></svg></div></a></div><!----><div class="site-legal-block spyglass-nav-group_wrapper"><!----><div class="site-legal-block_terms-group"><a href="https://giantfood.com/" aria-label="footer legal terms"> Legal Terms </a><!----><a href="https://giantfood.com/" aria-label="footer privacy statement"> Privacy Statement </a></div><div class="site-legal-block_copyright"><span>Â©2020 Giant of Maryland, LLC All Rights Reserved</span></div></div></div></footer></div></footer-module></div></div></div></div></div></div></div></div></div></div></div></main><mobile-app-navigation><div ng-show="$ctrl.isMobileApp" class="mobile-app-navigation ng-hide"><!----><!----></div></mobile-app-navigation></div></div></div>
</div>
<!---->
<script src="./Search Results _ Giant_files/loadWatsonAssistantChat.js.download"></script>
<div class="chat"><!----><!----><div class="livechat" style="display: none;"><header class="livechat-header"><button aria-label="back to chatbot" class="livechat-header_button livechat-back btn"><div class="vector-icon-size--small livechat-header_icon"><svg xmlns="http://www.w3.org/2000/svg" aria-label="CarrotLeft" viewBox="0 0 32 32" role="presentation" aria-hidden="true" focusable="false" class=""><title lang="en">CarrotLeft</title><desc></desc><g fill="" stroke="white"><polyline fill="none" stroke-width="2" stroke-linecap="square" transform="translate(15.242750, 16.485250) rotate(-180.000000) translate(-15.242750, -16.485250)" points="11 8 19.4855 16.485 11 24.9705"></polyline></g></svg></div></button><div class="livechat-header_title"> Chat with an Agent </div><button aria-label="close chat" class="livechat-header_button livechat-close btn"><div class="vector-icon-size--xxsmall"><svg xmlns="http://www.w3.org/2000/svg" aria-label="Minus" viewBox="0 0 32 32" role="presentation" aria-hidden="true" focusable="false" class="vector-icon-color--white"><title lang="en">Minus</title><desc></desc><g fill="" stroke="black"><path d="M0 12.574h32v6.859h-32v-6.859z"></path></g></svg></div></button></header><div class="livechat-content"><div class="chatform"><div class="chatform-message"><div class="chatform-message_bar"></div><div class="chatform-message_text"> Let us know how we can help, and weâ€™ll connect you to a live agent. </div></div><form id="live-chat-form" novalidate="novalidate" class="chatform-form"><div><div class="forms_input-container" aria-label="User name for live chat"><label for="chatform-form-name" class="forms_label"> Name <!----><!----></label><input id="chatform-form-name" type="text" name="name" aria-describedby="chatform-form-name-description" autocomplete="on" placeholder="" pattern="" class="forms_input"><div id="chatform-form-name-description"><!----><!----><!----></div></div><div class="forms_input-container" aria-label="User email for live chat"><label for="chatform-form-email" class="forms_label"> Email <!----><!----></label><input id="chatform-form-email" type="email" name="email" aria-describedby="chatform-form-email-description" autocomplete="on" placeholder="" pattern="" class="forms_input"><div id="chatform-form-email-description"><!----><!----><!----></div></div><div aria-label="User topic for live chat" field-name="topic" class="chatform-topic"><label for="chatform-form-topic" class="forms_label">Choose a topic</label><div class="select select--full-width"><select id="chatform-form-topic" class="select_select"><option value="" disabled="disabled" class="select_option"> Please select a topic </option><option class="select_option" value="1"> Martin's Sign In/Account Assistance </option><option class="select_option" value="2"> Martin's Password Assistance </option><option class="select_option" value="3"> Peapod Sign In/Account Assistance </option><option class="select_option" value="4"> Peapod Password Assistance </option><option class="select_option" value="5"> Pickup/Delivery Technical Assistance </option><option class="select_option" value="6"> Pickup/Delivery Billing Question </option><option class="select_option" value="7"> Web Errors/Technical Support </option><option class="select_option" value="8"> Digital Coupons </option><option class="select_option" value="9"> Loyalty Card, Rewards, and Points </option><option class="select_option" value="10"> In Store Service </option><option class="select_option" value="11"> Product Recalls </option><option class="select_option" value="12"> Product Requests/Suggestions </option><option class="select_option" value="13"> Other </option></select><div class="select_caret vector-icon-size--mediumlarge"><svg xmlns="http://www.w3.org/2000/svg" aria-label="Show select" viewBox="0 0 32 32" role="presentation" aria-hidden="true" focusable="false" class="vector-icon-stroke--prime"><title lang="en">Show select</title><desc></desc><g fill="" stroke=""><polyline fill="none" stroke-width="3" stroke-linecap="square" transform="translate(16.485250, 16.242750) rotate(-270.000000) translate(-16.485250, -16.242750) " points="12.2425 7.7575 20.728 16.2425 12.2425 24.728"></polyline></g></svg></div></div><!----></div><div class="forms_input-container"><label for="chatform-form-message" class="forms_label"> How can we help? <!----></label><textarea id="chatform-form-message" name="message" placeholder="" aria-describedby="chatform-form-message-description" aria-label="User message for live chat" autocomplete="on" class="forms_input"></textarea> <div id="chatform-form-message-description"><!----><!----></div></div></div><footer class="stack_row chatform-footer"><button type="submit" disabled="disabled" class="button button--black button-width--full button--disabled"> Start Chat </button></footer></form></div><!----><!----></div></div></div>



<script type="text/javascript" id="">(function(){var l=function(e,g,f,h){this.get=function(a){a+="\x3d";for(var b=document.cookie.split(";"),c=0,k=b.length;c<k;c++){for(var d=b[c];" "==d.charAt(0);)d=d.substring(1,d.length);if(0==d.indexOf(a))return d.substring(a.length,d.length)}return null};this.set=function(a,b){var c=new Date;c.setTime(c.getTime()+6048E5);c="; expires\x3d"+c.toGMTString();document.cookie=a+"\x3d"+b+c+"; path\x3d/; "};this.check=function(){var a=this.get(f);if(a)a=a.split(":");else if(100!=e)"v"==g&&(e=Math.random()>=
e/100?0:100),a=[g,e,0],this.set(f,a.join(":"));else return!0;var b=a[1];if(100==b)return!0;switch(a[0]){case "v":return!1;case "r":return b=a[2]%Math.floor(100/b),a[2]++,this.set(f,a.join(":")),!b}return!0};this.go=function(){if(this.check()){var a=document.createElement("script");a.type="text/javascript";a.src=h;document.body&&document.body.appendChild(a)}};this.start=function(){var a=this;"complete"!==document.readyState?window.addEventListener?window.addEventListener("load",function(){a.go()},
!1):window.attachEvent&&window.attachEvent("onload",function(){a.go()}):a.go()}};try{(new l(100,"r","QSI_S_ZN_3f8e6TCEOtW1Rnn","https://zn3f8e6tceotw1rnn-aholddelhaize.siteintercept.qualtrics.com/SIE/?Q_ZID\x3dZN_3f8e6TCEOtW1Rnn")).start()}catch(e){}})();</script><div id="ZN_3f8e6TCEOtW1Rnn"></div>

<script type="text/javascript" id="">(function(){var l=function(e,g,f,h){this.get=function(a){a+="\x3d";for(var b=document.cookie.split(";"),c=0,k=b.length;c<k;c++){for(var d=b[c];" "==d.charAt(0);)d=d.substring(1,d.length);if(0==d.indexOf(a))return d.substring(a.length,d.length)}return null};this.set=function(a,b){var c=new Date;c.setTime(c.getTime()+6048E5);c="; expires\x3d"+c.toGMTString();document.cookie=a+"\x3d"+b+c+"; path\x3d/; "};this.check=function(){var a=this.get(f);if(a)a=a.split(":");else if(100!=e)"v"==g&&(e=Math.random()>=
e/100?0:100),a=[g,e,0],this.set(f,a.join(":"));else return!0;var b=a[1];if(100==b)return!0;switch(a[0]){case "v":return!1;case "r":return b=a[2]%Math.floor(100/b),a[2]++,this.set(f,a.join(":")),!b}return!0};this.go=function(){if(this.check()){var a=document.createElement("script");a.type="text/javascript";a.src=h;document.body&&document.body.appendChild(a)}};this.start=function(){var a=this;"complete"!==document.readyState?window.addEventListener?window.addEventListener("load",function(){a.go()},
!1):window.attachEvent&&window.attachEvent("onload",function(){a.go()}):a.go()}};try{(new l(100,"r","QSI_S_ZN_3f8e6TCEOtW1Rnn","https://zn3f8e6tceotw1rnn-aholddelhaize.siteintercept.qualtrics.com/SIE/?Q_ZID\x3dZN_3f8e6TCEOtW1Rnn")).start()}catch(e){}})();</script><div id="ZN_3f8e6TCEOtW1Rnn"></div>
<iframe height="0" width="0" style="display: none; visibility: hidden;" src="./Search Results _ Giant_files/activityi.html"></iframe><div style="display: none; visibility: hidden;"><script>var DATALAYER_OBJECT_NAME="dataLayer",referrerOverride=function(a){var b=window[DATALAYER_OBJECT_NAME]||[];b.push({event:"optimizely-referrer-override","optimizely-referrer":a})},sendCampaignData=function(a,b){if(a=optimizely.get("data")&&optimizely.get("data").campaigns[a]&&optimizely.get("data").campaigns[a].integrationSettings&&optimizely.get("data").campaigns[a].integrationSettings.google_universal_analytics&&optimizely.get("data").campaigns[a].integrationSettings.google_universal_analytics.universal_analytics_slot){var e=
window[DATALAYER_OBJECT_NAME]||[];e.push({event:"campaign-decided","optimizely-dimension-value":b,"optimizely-dimension-number":a})}},initNewOptimizelyIntegration=function(a,b){var e=!1,d=function(f){var c=window.optimizely.get&&window.optimizely.get("state"),d=c.getRedirectInfo()&&c.getRedirectInfo().referrer;!e&&d&&(a(d),e=!0);c=c.getDecisionString({campaignId:f});b(f,c)},g=function(){window.optimizely=window.optimizely||[];window.optimizely.push({type:"addListener",filter:{type:"lifecycle",name:"campaignDecided"},
handler:function(a){a=a.data.campaign.id;d(a)}})},h=function(){var a=window.optimizely&&window.optimizely.get&&window.optimizely.get("state");if(a){a=a.getCampaignStates({isActive:!0});for(var b in a)d(b)}};h();g()},initOptimizelyIntegration=function(a,b){initNewOptimizelyIntegration(a,b)};initOptimizelyIntegration(referrerOverride,sendCampaignData);</script></div>
<script type="text/javascript" id="">!function(b,e,f,g,a,c,d){b.fbq||(a=b.fbq=function(){a.callMethod?a.callMethod.apply(a,arguments):a.queue.push(arguments)},b._fbq||(b._fbq=a),a.push=a,a.loaded=!0,a.version="2.0",a.queue=[],c=e.createElement(f),c.async=!0,c.src=g,d=e.getElementsByTagName(f)[0],d.parentNode.insertBefore(c,d))}(window,document,"script","https://connect.facebook.net/en_US/fbevents.js");fbq("init","287788395102720");fbq("track","PageView");</script>
<noscript><img height="1" width="1" style="display:none" src="https://www.facebook.com/tr?id=287788395102720&amp;ev=PageView&amp;noscript=1"></noscript>

<script type="text/javascript" id="" src="./Search Results _ Giant_files/c3metrics-828.js.download"></script>
<script type="text/javascript" id="">(function(g,e,a,f,b,c,d){b.ire_o=a;b[a]=b[a]||function(){(b[a].a=b[a].a||[]).push(arguments)};c=f.createElement(e);d=f.getElementsByTagName(e)[0];c.async=1;c.src=g;d.parentNode.insertBefore(c,d)})("//d.impactradius-event.com/A2054615-cfda-46f7-ad30-2e233a24a2931.js","script","ire",document,window);console.log("Impact - Universal: not loggedIn");</script>

<script type="text/javascript" id="">ire("identify",{campaignId:10968,customerId:"",customerEmail:""});console.log("Impact - identify: not loggedIn");</script>

<script type="text/javascript" id="" src="./Search Results _ Giant_files/core.js(1).download"></script><div style="width:0px; height:0px; display:none; visibility:hidden;" id="batBeacon589900621588"><img style="width:0px; height:0px; display:none; visibility:hidden;" id="batBeacon520782102657" width="0" height="0" alt="" src="./Search Results _ Giant_files/0"></div><div class="WatsonAssistantChatHost" role="region" style="width:0 !important;height:0 !important"><div id="WACContainer" class="WACContainer WACContainer-b1020ad9-c9b2-4a8b-a725-36621d702a95" style="" dir="auto"><div data-web-chat-uuid-styles="b1020ad9-c9b2-4a8b-a725-36621d702a95"><style class="variables-b1020ad9-c9b2-4a8b-a725-36621d702a95" data-wac-css-b1020ad9-c9b2-4a8b-a725-36621d702a95="true">.WACContainer-b1020ad9-c9b2-4a8b-a725-36621d702a95,:root{--WatsonAssistantChat-CARBON-interactive-01:#0f62fe;--WatsonAssistantChat-CARBON-interactive-02:#393939;--WatsonAssistantChat-CARBON-interactive-03:#0f62fe;--WatsonAssistantChat-CARBON-interactive-04:#0f62fe;--WatsonAssistantChat-CARBON-ui-background:#f4f4f4;--WatsonAssistantChat-CARBON-ui-01:#fff;--WatsonAssistantChat-CARBON-ui-02:#f4f4f4;--WatsonAssistantChat-CARBON-ui-03:#e0e0e0;--WatsonAssistantChat-CARBON-ui-04:#8d8d8d;--WatsonAssistantChat-CARBON-ui-05:#161616;--WatsonAssistantChat-CARBON-text-01:#161616;--WatsonAssistantChat-CARBON-text-02:#393939;--WatsonAssistantChat-CARBON-text-03:#a8a8a8;--WatsonAssistantChat-CARBON-text-04:#fff;--WatsonAssistantChat-CARBON-text-05:#6f6f6f;--WatsonAssistantChat-CARBON-icon-01:#161616;--WatsonAssistantChat-CARBON-icon-02:#525252;--WatsonAssistantChat-CARBON-icon-03:#fff;--WatsonAssistantChat-CARBON-link-01:#0f62fe;--WatsonAssistantChat-CARBON-inverse-link:#78a9ff;--WatsonAssistantChat-CARBON-field-01:#fff;--WatsonAssistantChat-CARBON-field-02:#f4f4f4;--WatsonAssistantChat-CARBON-inverse-01:#fff;--WatsonAssistantChat-CARBON-inverse-02:#393939;--WatsonAssistantChat-CARBON-support-01:#da1e28;--WatsonAssistantChat-CARBON-support-02:#24a148;--WatsonAssistantChat-CARBON-support-03:#f1c21b;--WatsonAssistantChat-CARBON-support-04:#0043ce;--WatsonAssistantChat-CARBON-inverse-support-01:#fa4d56;--WatsonAssistantChat-CARBON-inverse-support-02:#42be65;--WatsonAssistantChat-CARBON-inverse-support-03:#f1c21b;--WatsonAssistantChat-CARBON-inverse-support-04:#4589ff;--WatsonAssistantChat-CARBON-overlay-01:rgba(22,22,22,0.5);--WatsonAssistantChat-CARBON-danger:#da1e28;--WatsonAssistantChat-CARBON-focus:#0f62fe;--WatsonAssistantChat-CARBON-inverse-focus-ui:#fff;--WatsonAssistantChat-CARBON-hover-primary:#0353e9;--WatsonAssistantChat-CARBON-active-primary:#002d9c;--WatsonAssistantChat-CARBON-hover-primary-text:#0043ce;--WatsonAssistantChat-CARBON-hover-secondary:#4c4c4c;--WatsonAssistantChat-CARBON-active-secondary:#6f6f6f;--WatsonAssistantChat-CARBON-hover-tertiary:#0353e9;--WatsonAssistantChat-CARBON-active-tertiary:#002d9c;--WatsonAssistantChat-CARBON-hover-ui:#e5e5e5;--WatsonAssistantChat-CARBON-active-ui:#c6c6c6;--WatsonAssistantChat-CARBON-selected-ui:#e0e0e0;--WatsonAssistantChat-CARBON-inverse-hover-ui:#4c4c4c;--WatsonAssistantChat-CARBON-hover-selected-ui:#cacaca;--WatsonAssistantChat-CARBON-hover-danger:#b81921;--WatsonAssistantChat-CARBON-active-danger:#750e13;--WatsonAssistantChat-CARBON-hover-row:#e5e5e5;--WatsonAssistantChat-CARBON-visited-link:#8a3ffc;--WatsonAssistantChat-CARBON-disabled-01:#fff;--WatsonAssistantChat-CARBON-disabled-02:#c6c6c6;--WatsonAssistantChat-CARBON-disabled-03:#8d8d8d;--WatsonAssistantChat-CARBON-highlight:#d0e2ff;--WatsonAssistantChat-CARBON-skeleton-01:#e5e5e5;--WatsonAssistantChat-CARBON-skeleton-02:#c6c6c6;--WatsonAssistantChat-CARBON-brand-01:#0f62fe;--WatsonAssistantChat-CARBON-brand-02:#393939;--WatsonAssistantChat-CARBON-brand-03:#0f62fe;--WatsonAssistantChat-CARBON-active-01:#c6c6c6;--WatsonAssistantChat-CARBON-hover-field:#e5e5e5;--WatsonAssistantChat-CARBON-text-support-01:#fff;--WatsonAssistantChat-CARBON-text-support-02:#fff;--WatsonAssistantChat-CARBON-text-support-03:#161616;--WatsonAssistantChat-CARBON-text-support-04:#fff;--WatsonAssistantChat-CARBON-easing-standard-productive:cubic-bezier(0.2,0,0.38,0.9);--WatsonAssistantChat-CARBON-easing-standard-expressive:cubic-bezier(0.4,0.14,0.3,1);--WatsonAssistantChat-CARBON-easing-entrance-productive:cubic-bezier(0,0,0.38,0.9);--WatsonAssistantChat-CARBON-easing-entrance-expressive:cubic-bezier(0,0,0.3,1);--WatsonAssistantChat-CARBON-easing-exit-productive:cubic-bezier(0.2,0,1,0.9);--WatsonAssistantChat-CARBON-easing-exit-expressive:cubic-bezier(0.4,0.14,1,1);--WatsonAssistantChat-CARBON-duration--fast-01:70ms;--WatsonAssistantChat-CARBON-duration--fast-02:110ms;--WatsonAssistantChat-CARBON-duration--moderate-01:150ms;--WatsonAssistantChat-CARBON-duration--moderate-02:240ms;--WatsonAssistantChat-CARBON-duration--slow-01:400ms;--WatsonAssistantChat-CARBON-duration--slow-02:700ms}.WACContainer-b1020ad9-c9b2-4a8b-a725-36621d702a95,:root{--WatsonAssistantChat-BASE-spacing-01:2px;--WatsonAssistantChat-BASE-spacing-02:4px;--WatsonAssistantChat-BASE-spacing-03:8px;--WatsonAssistantChat-BASE-spacing-04:12px;--WatsonAssistantChat-BASE-spacing-05:16px;--WatsonAssistantChat-BASE-spacing-06:24px;--WatsonAssistantChat-BASE-spacing-07:32px;--WatsonAssistantChat-BASE-spacing-08:40px;--WatsonAssistantChat-BASE-spacing-09:48px;--WatsonAssistantChat-BASE-weight-semibold:600;--WatsonAssistantChat-BASE-font-size-extra-small:8px;--WatsonAssistantChat-BASE-font-size-small:12px;--WatsonAssistantChat-BASE-font-size-med:14px;--WatsonAssistantChat-BASE-font-size-large:16px;--WatsonAssistantChat-BASE-font-size-xlarge:20px;--WatsonAssistantChat-BASE-line-height-small:16px;--WatsonAssistantChat-BASE-line-height-med:18px;--WatsonAssistantChat-BASE-line-height-large:24px;--WatsonAssistantChat-BASE-border-radius-xsmall:2px;--WatsonAssistantChat-BASE-border-radius-small:5px;--WatsonAssistantChat-BASE-border-radius-med:8px;--WatsonAssistantChat-BASE-border-radius-large:12px;--WatsonAssistantChat-BASE-border-radius-xlarge:16px;--WatsonAssistantChat-BASE-border-width-small:1px;--WatsonAssistantChat-BASE-border-width-med:2px;--WatsonAssistantChat-BASE-border-width-large:3px;--WatsonAssistantChat-BASE-height:calc(100vh - 128px);--WatsonAssistantChat-BASE-max-height:640px;--WatsonAssistantChat-BASE-min-height:256px;--WatsonAssistantChat-BASE-box-shadow:1px 0 4px hsla(0,0%,9%,0.3);--WatsonAssistantChat-BASE-bottom-position:var(--WatsonAssistantChat-BASE-spacing-07);--WatsonAssistantChat-BASE-right-position:var(--WatsonAssistantChat-BASE-spacing-07);--WatsonAssistantChat-BASE-top-position:auto;--WatsonAssistantChat-BASE-left-position:auto;--WatsonAssistantChat-CARD-box-shadow:0 2px 4px 0 var(--WatsonAssistantChat-CARBON-skeleton-01);--WatsonAssistantChat-CARD-background:var(--WatsonAssistantChat-CARBON-ui-01);--WatsonAssistantChat-LAUNCHER-position-bottom:var(--WatsonAssistantChat-BASE-spacing-07);--WatsonAssistantChat-LAUNCHER-position-right:var(--WatsonAssistantChat-BASE-spacing-07);--WatsonAssistantChat-MESSAGE-bar-width:3px;--WatsonAssistantChat-MESSAGE-received-max-width:calc(100% - var(--WatsonAssistantChat-MESSAGE-bar-width) - var(--WatsonAssistantChat-BASE-spacing-03) - 4px);--WatsonAssistantChat-AGENT-end-chat-container-height:44px;--WatsonAssistantChat-BASE-z-index:99999;--WatsonAssistantChat-BASE-width:360px;--WatsonAssistantChat-BASE-font-family:"IBM Plex Sans","Helvetica Neue",Arial,sans-serif;--WatsonAssistantChat-BASE-header-font-family:"IBM Plex Sans","Helvetica Neue",Arial,sans-serif;--WatsonAssistantChat-HOME_SCREEN-greeting-font-family:"IBM Plex Sans","Helvetica Neue",Arial,sans-serif;--WatsonAssistantChat-PRIMARY-color:var(--WatsonAssistantChat-CARBON-ui-01);--WatsonAssistantChat-PRIMARY-color-text:var(--WatsonAssistantChat-CARBON-text-01);--WatsonAssistantChat-PRIMARY-color-hover:var(--WatsonAssistantChat-CARBON-hover-ui);--WatsonAssistantChat-PRIMARY-color-active:var(--WatsonAssistantChat-CARBON-active-ui);--WatsonAssistantChat-PRIMARY-color-focus:var(--WatsonAssistantChat-CARBON-focus);--WatsonAssistantChat-SECONDARY-color:var(--WatsonAssistantChat-CARBON-inverse-02);--WatsonAssistantChat-SECONDARY-color-text:var(--WatsonAssistantChat-CARBON-inverse-01);--WatsonAssistantChat-ACCENT-color-text:var(--WatsonAssistantChat-CARBON-text-04);--WatsonAssistantChat-ACCENT-color-ghost-text:var(--WatsonAssistantChat-CARBON-link-01);--WatsonAssistantChat-HOME_SCREEN-color-text:var(--WatsonAssistantChat-ACCENT-color-text);--WatsonAssistantChat-HOME_SCREEN-background:var(--WatsonAssistantChat-CARBON-interactive-01);--WatsonAssistantChat-HOME_SCREEN-color-hover:var(--WatsonAssistantChat-CARBON-hover-primary);--WatsonAssistantChat-HOME_SCREEN-color-focus:#fff;--WatsonAssistantChat-HOME_SCREEN-color-active:var(--WatsonAssistantChat-CARBON-active-primary);--WatsonAssistantChat-DISCLAIMER-color-text:#fff;--WatsonAssistantChat-DISCLAIMER-background:#393939;--WatsonAssistantChat-DISCLAIMER-background-button:#6f6f6f;--WatsonAssistantChat-DISCLAIMER-color-hover:#4c4c4c;--WatsonAssistantChat-DISCLAIMER-color-focus:#fff;--WatsonAssistantChat-DISCLAIMER-color-active:#4c4c4c}@media screen and (max-height:500px),screen and (max-width:500px){#WACContainer.WACContainer-b1020ad9-c9b2-4a8b-a725-36621d702a95,:root{--WatsonAssistantChat-LAUNCHER-position-bottom:16px;--WatsonAssistantChat-BASE-width:var(--WatsonAssistantChat-viewport-width,"100vw");--WatsonAssistantChat-BASE-height:var(--WatsonAssistantChat-viewport-height,"100vh");--WatsonAssistantChat-BASE-left-position:var(--WatsonAssistantChat-viewport-offsetLeft,"0");--WatsonAssistantChat-BASE-top-position:var(--WatsonAssistantChat-viewport-offsetTop,"0");--WatsonAssistantChat-BASE-max-height:auto;--WatsonAssistantChat-BASE-min-height:auto;--WatsonAssistantChat-BASE-right-position:auto;--WatsonAssistantChat-BASE-font-size-extra-small:10px;--WatsonAssistantChat-BASE-font-size-small:14px;--WatsonAssistantChat-BASE-font-size-med:16px;--WatsonAssistantChat-BASE-font-size-large:18px;--WatsonAssistantChat-BASE-font-size-xlarge:24px;--WatsonAssistantChat-BASE-line-height-small:19px;--WatsonAssistantChat-BASE-line-height-med:21px;--WatsonAssistantChat-BASE-line-height-large:27px}}</style><style class="WatsonAssistantChat--application" data-wac-css-b1020ad9-c9b2-4a8b-a725-36621d702a95="true">#WACContainer.WACContainer,#WACContainer.WACContainer a,#WACContainer.WACContainer abbr,#WACContainer.WACContainer acronym,#WACContainer.WACContainer address,#WACContainer.WACContainer applet,#WACContainer.WACContainer area,#WACContainer.WACContainer article,#WACContainer.WACContainer aside,#WACContainer.WACContainer audio,#WACContainer.WACContainer b,#WACContainer.WACContainer big,#WACContainer.WACContainer blockquote,#WACContainer.WACContainer button,#WACContainer.WACContainer canvas,#WACContainer.WACContainer caption,#WACContainer.WACContainer cite,#WACContainer.WACContainer code,#WACContainer.WACContainer col,#WACContainer.WACContainer colgroup,#WACContainer.WACContainer datalist,#WACContainer.WACContainer dd,#WACContainer.WACContainer del,#WACContainer.WACContainer dfn,#WACContainer.WACContainer div,#WACContainer.WACContainer dl,#WACContainer.WACContainer dt,#WACContainer.WACContainer em,#WACContainer.WACContainer fieldset,#WACContainer.WACContainer figcaption,#WACContainer.WACContainer figure,#WACContainer.WACContainer footer,#WACContainer.WACContainer form,#WACContainer.WACContainer h1,#WACContainer.WACContainer h2,#WACContainer.WACContainer h3,#WACContainer.WACContainer h4,#WACContainer.WACContainer h5,#WACContainer.WACContainer h6,#WACContainer.WACContainer header,#WACContainer.WACContainer hr,#WACContainer.WACContainer i,#WACContainer.WACContainer iframe,#WACContainer.WACContainer img,#WACContainer.WACContainer input,#WACContainer.WACContainer ins,#WACContainer.WACContainer kbd,#WACContainer.WACContainer label,#WACContainer.WACContainer legend,#WACContainer.WACContainer li,#WACContainer.WACContainer main,#WACContainer.WACContainer map,#WACContainer.WACContainer mark,#WACContainer.WACContainer menu,#WACContainer.WACContainer meta,#WACContainer.WACContainer nav,#WACContainer.WACContainer object,#WACContainer.WACContainer ol,#WACContainer.WACContainer optgroup,#WACContainer.WACContainer option,#WACContainer.WACContainer output,#WACContainer.WACContainer p,#WACContainer.WACContainer pre,#WACContainer.WACContainer progress,#WACContainer.WACContainer q,#WACContainer.WACContainer samp,#WACContainer.WACContainer section,#WACContainer.WACContainer select,#WACContainer.WACContainer small,#WACContainer.WACContainer span,#WACContainer.WACContainer strike,#WACContainer.WACContainer strong,#WACContainer.WACContainer sub,#WACContainer.WACContainer summary,#WACContainer.WACContainer sup,#WACContainer.WACContainer svg,#WACContainer.WACContainer table,#WACContainer.WACContainer tbody,#WACContainer.WACContainer td,#WACContainer.WACContainer textarea,#WACContainer.WACContainer tfoot,#WACContainer.WACContainer th,#WACContainer.WACContainer thead,#WACContainer.WACContainer time,#WACContainer.WACContainer tr,#WACContainer.WACContainer tt,#WACContainer.WACContainer ul,#WACContainer.WACContainer var,#WACContainer.WACContainer video{background-attachment:scroll;background-color:transparent;background-image:none;background-position:0 0;background-repeat:repeat;border:none;bottom:auto;clear:none;clip:auto;color:inherit;counter-increment:none;counter-reset:none;cursor:auto;direction:inherit;display:inline;float:none;font-family:inherit;font-size:inherit;font-style:inherit;font-variant:normal;font-weight:inherit;height:auto;left:auto;letter-spacing:normal;line-height:inherit;list-style-type:inherit;list-style-position:outside;list-style-image:none;margin:0;max-height:none;max-width:none;min-height:0;min-width:0;opacity:1;outline:medium none invert;overflow:visible;padding:0;position:static;quotes:"" "";right:auto;table-layout:auto;text-align:inherit;text-decoration:inherit;text-indent:0;text-transform:none;top:auto;unicode-bidi:normal;vertical-align:baseline;visibility:inherit;white-space:normal;width:auto;word-spacing:normal;z-index:auto;background-origin:padding-box;background-clip:border-box;background-size:auto;-webkit-border-image:none;-o-border-image:none;border-image:none;border-radius:0;box-shadow:none;box-sizing:border-box;-webkit-column-count:auto;-moz-column-count:auto;grid-column-gap:normal;-webkit-column-gap:normal;-moz-column-gap:normal;column-gap:normal;-webkit-column-rule:medium none #000;-moz-column-rule:medium none #000;column-rule:medium none #000;-webkit-column-span:1;-moz-column-span:1;column-span:1;-webkit-column-width:auto;-moz-column-width:auto;columns:auto;font-feature-settings:normal;overflow-x:visible;overflow-y:visible;-webkit-hyphens:manual;-ms-hyphens:manual;hyphens:manual;-webkit-perspective:none;perspective:none;-webkit-perspective-origin:50% 50%;perspective-origin:50% 50%;-webkit-backface-visibility:visible;backface-visibility:visible;text-shadow:none;-webkit-transition:all 0s ease 0s;transition:all 0s ease 0s;-webkit-transform:none;transform:none;-webkit-transform-origin:50% 50%;transform-origin:50% 50%;-webkit-transform-style:flat;transform-style:flat;word-break:normal}#WACContainer.WACContainer,#WACContainer.WACContainer address,#WACContainer.WACContainer article,#WACContainer.WACContainer audio,#WACContainer.WACContainer blockquote,#WACContainer.WACContainer caption,#WACContainer.WACContainer colgroup,#WACContainer.WACContainer dd,#WACContainer.WACContainer dialog,#WACContainer.WACContainer div,#WACContainer.WACContainer dl,#WACContainer.WACContainer dt,#WACContainer.WACContainer fieldset,#WACContainer.WACContainer figure,#WACContainer.WACContainer footer,#WACContainer.WACContainer form,#WACContainer.WACContainer h1,#WACContainer.WACContainer h2,#WACContainer.WACContainer h3,#WACContainer.WACContainer h4,#WACContainer.WACContainer h5,#WACContainer.WACContainer h6,#WACContainer.WACContainer header,#WACContainer.WACContainer hgroup,#WACContainer.WACContainer hr,#WACContainer.WACContainer main,#WACContainer.WACContainer menu,#WACContainer.WACContainer nav,#WACContainer.WACContainer ol,#WACContainer.WACContainer option,#WACContainer.WACContainer p,#WACContainer.WACContainer pre,#WACContainer.WACContainer progress,#WACContainer.WACContainer section,#WACContainer.WACContainer summary,#WACContainer.WACContainer ul,#WACContainer.WACContainer video{display:block}#WACContainer.WACContainer h1,#WACContainer.WACContainer h2,#WACContainer.WACContainer h3,#WACContainer.WACContainer h4,#WACContainer.WACContainer h5,#WACContainer.WACContainer h6{font-weight:700}#WACContainer.WACContainer h1{font-size:2em;padding:.67em 0}#WACContainer.WACContainer h2{font-size:1.5em;padding:.83em 0}#WACContainer.WACContainer h3{font-size:1.17em;padding:.83em 0}#WACContainer.WACContainer h4{font-size:1em}#WACContainer.WACContainer h5,#WACContainer.WACContainer h6{font-size:.83em}#WACContainer.WACContainer p{margin:1em 0}#WACContainer.WACContainer table{display:table}#WACContainer.WACContainer thead{display:table-header-group}#WACContainer.WACContainer tbody{display:table-row-group}#WACContainer.WACContainer tfoot{display:table-footer-group}#WACContainer.WACContainer tr{display:table-row}#WACContainer.WACContainer td,#WACContainer.WACContainer th{display:table-cell;padding:2px}#WACContainer.WACContainer ol,#WACContainer.WACContainer ul{margin:0}#WACContainer.WACContainer ol li,#WACContainer.WACContainer ol ol li,#WACContainer.WACContainer ol ol ol li,#WACContainer.WACContainer ol ol ul li,#WACContainer.WACContainer ol ul ul li,#WACContainer.WACContainer ul li,#WACContainer.WACContainer ul ol ol li,#WACContainer.WACContainer ul ul li,#WACContainer.WACContainer ul ul ol li,#WACContainer.WACContainer ul ul ul li{list-style-position:inside;margin-top:0}#WACContainer.WACContainer ol ol,#WACContainer.WACContainer ol ol ol,#WACContainer.WACContainer ol ol ul,#WACContainer.WACContainer ol ul,#WACContainer.WACContainer ol ul ul,#WACContainer.WACContainer ul ol,#WACContainer.WACContainer ul ol ol,#WACContainer.WACContainer ul ul,#WACContainer.WACContainer ul ul ol,#WACContainer.WACContainer ul ul ul{padding-left:40px;margin:0}#WACContainer.WACContainer nav ol,#WACContainer.WACContainer nav ul{list-style-type:none}#WACContainer.WACContainer menu,#WACContainer.WACContainer ul{list-style-type:disc}#WACContainer.WACContainer ol{list-style-type:decimal}#WACContainer.WACContainer menu menu,#WACContainer.WACContainer menu ul,#WACContainer.WACContainer ol menu,#WACContainer.WACContainer ol ul,#WACContainer.WACContainer ul menu,#WACContainer.WACContainer ul ul{list-style-type:circle}#WACContainer.WACContainer menu menu menu,#WACContainer.WACContainer menu menu ul,#WACContainer.WACContainer menu ol menu,#WACContainer.WACContainer menu ol ul,#WACContainer.WACContainer menu ul menu,#WACContainer.WACContainer menu ul ul,#WACContainer.WACContainer ol menu menu,#WACContainer.WACContainer ol menu ul,#WACContainer.WACContainer ol ol menu,#WACContainer.WACContainer ol ol ul,#WACContainer.WACContainer ol ul menu,#WACContainer.WACContainer ol ul ul,#WACContainer.WACContainer ul menu menu,#WACContainer.WACContainer ul menu ul,#WACContainer.WACContainer ul ol menu,#WACContainer.WACContainer ul ol ul,#WACContainer.WACContainer ul ul menu,#WACContainer.WACContainer ul ul ul{list-style-type:square}#WACContainer.WACContainer table>br,#WACContainer.WACContainer tbody>br,#WACContainer.WACContainer th>br,#WACContainer.WACContainer thead>br,#WACContainer.WACContainer tr>br,#WACContainer.WACContainer ul>br{display:none}#WACContainer.WACContainer li{display:list-item;min-height:auto;min-width:auto}#WACContainer.WACContainer b{font-weight:600}#WACContainer.WACContainer strong{font-weight:700}#WACContainer.WACContainer em{font-style:italic}#WACContainer.WACContainer code,#WACContainer.WACContainer kbd,#WACContainer.WACContainer pre,#WACContainer.WACContainer samp{font-family:IBM Plex Mono,monospace}#WACContainer.WACContainer a{color:#00f;text-decoration:underline}#WACContainer.WACContainer a:visited{color:#529}#WACContainer.WACContainer a,#WACContainer.WACContainer a *,#WACContainer.WACContainer button,#WACContainer.WACContainer input[type=button],#WACContainer.WACContainer input[type=checkbox],#WACContainer.WACContainer input[type=radio],#WACContainer.WACContainer input[type=submit],#WACContainer.WACContainer select{cursor:pointer}#WACContainer.WACContainer button,#WACContainer.WACContainer input[type=submit]{text-align:center;padding:2px 6px 3px;border-radius:4px;text-decoration:none;font-family:IBM Plex Sans,Helvetica Neue,Arial,sans-serif;font-size:small;background:#fff;color:buttontext;border:1px solid #a6a6a6;background:-webkit-gradient(linear,left top,left bottom,from(#fff),color-stop(100%,#ddd),color-stop(100%,#d1d1d1),to(#ddd));background:linear-gradient(180deg,#fff 0,#ddd 100%,#d1d1d1 0,#ddd 0);outline:medium none invert;outline:initial}#WACContainer.WACContainer button:active,#WACContainer.WACContainer input[type=button]:active,#WACContainer.WACContainer input[type=submit]:active{background:-webkit-gradient(linear,left top,left bottom,from(#3b679e),color-stop(50%,#2b88d9),color-stop(51%,#207cca),to(#7db9e8));background:linear-gradient(180deg,#3b679e 0,#2b88d9 50%,#207cca 51%,#7db9e8);border-color:#5259b0}#WACContainer.WACContainer button{padding:1px 6px 2px;margin:0}#WACContainer.WACContainer input[type=hidden]{display:none}#WACContainer.WACContainer textarea{-webkit-appearance:textarea;background:#fff;padding:2px;word-wrap:break-word;white-space:pre-wrap;font-size:11px;font-family:IBM Plex Sans,Helvetica Neue,Arial,sans-serif;line-height:13px;resize:both}#WACContainer.WACContainer input,#WACContainer.WACContainer select,#WACContainer.WACContainer textarea{border:1px solid #ccc}#WACContainer.WACContainer select{font-size:11px;font-family:IBM Plex Sans,Helvetica Neue,Arial,sans-serif;display:inline-block}#WACContainer.WACContainer input:focus,#WACContainer.WACContainer textarea:focus{outline:5px auto -webkit-focus-ring-color;outline:initial}#WACContainer.WACContainer input[type=text]{background:#fff;padding:1px;font-family:serif;font-family:initial;font-size:small}#WACContainer.WACContainer input[type=checkbox],#WACContainer.WACContainer input[type=radio]{border:1px solid #2b2b2b;border-radius:4px;outline:medium none invert;outline:initial}#WACContainer.WACContainer input[type=radio]{margin:2px 2px 3px}#WACContainer.WACContainer abbr[title],#WACContainer.WACContainer acronym[title],#WACContainer.WACContainer dfn[title]{cursor:help;border-bottom-width:1px;border-bottom-style:dotted}#WACContainer.WACContainer ins{background-color:#ff9;color:#000}#WACContainer.WACContainer del{text-decoration:line-through}#WACContainer.WACContainer blockquote,#WACContainer.WACContainer q{quotes:none}#WACContainer.WACContainer blockquote:after,#WACContainer.WACContainer blockquote:before,#WACContainer.WACContainer li:after,#WACContainer.WACContainer li:before,#WACContainer.WACContainer q:after,#WACContainer.WACContainer q:before{content:""}#WACContainer.WACContainer input,#WACContainer.WACContainer select{vertical-align:middle}#WACContainer.WACContainer table{border-collapse:collapse;border-spacing:0}#WACContainer.WACContainer hr{display:block;height:1px;border:0;border-top:1px solid #ccc;margin:1em 0}#WACContainer.WACContainer[dir=rtl]{direction:rtl}#WACContainer.WACContainer mark{background-color:#ff9;color:#000;font-style:italic;font-weight:700}#WACContainer.WACContainer menu{padding-left:40px;padding-top:8px}#WACContainer.WACContainer [hidden],#WACContainer.WACContainer template{display:none}#WACContainer.WACContainer abbr[title]{border-bottom:1px dotted}#WACContainer.WACContainer sub,#WACContainer.WACContainer sup{font-size:75%;line-height:0;position:relative;vertical-align:baseline}#WACContainer.WACContainer sup{top:-.5em}#WACContainer.WACContainer sub{bottom:-.25em}#WACContainer.WACContainer img{border:0}#WACContainer.WACContainer figure{margin:0}#WACContainer.WACContainer textarea{overflow:auto;vertical-align:top}[dir=ltr] #WACContainer.WACContainer{text-align:left}[dir=rtl] #WACContainer.WACContainer{text-align:right}#WACContainer.WACContainer{font-size:medium;line-height:1;direction:ltr;text-align:left;font-family:IBM Plex Sans,Helvetica Neue,Arial,sans-serif;color:#000;font-stretch:100%;font-style:normal;font-weight:400;text-decoration:none;text-rendering:optimizelegibility;-webkit-text-size-adjust:100%;-moz-text-size-adjust:100%;-ms-text-size-adjust:100%;text-size-adjust:100%;list-style-type:disc}#WACContainer.WACContainer pre{white-space:pre}#WACContainer.WACContainer :after,#WACContainer.WACContainer :before{content:none}@font-face{font-family:IBM Plex Mono;font-style:italic;font-weight:300;src:local("IBM Plex Mono Light Italic"),local("IBMPlexMono-LightItalic"),url(https://fonts.gstatic.com/s/ibmplexmono/v4/-F6sfjptAgt5VM-kVkqdyU8n1ioSflV1gMoW.woff) format("woff")}@font-face{font-family:IBM Plex Mono;font-style:italic;font-weight:400;src:local("IBM Plex Mono Italic"),local("IBMPlexMono-Italic"),url(https://fonts.gstatic.com/s/ibmplexmono/v4/-F6pfjptAgt5VM-kVkqdyU8n1ioa1Xdm.woff) format("woff")}@font-face{font-family:IBM Plex Mono;font-style:italic;font-weight:600;src:local("IBM Plex Mono SemiBold Italic"),local("IBMPlexMono-SemiBoldItalic"),url(https://fonts.gstatic.com/s/ibmplexmono/v4/-F6sfjptAgt5VM-kVkqdyU8n1ioSClN1gMoW.woff) format("woff")}@font-face{font-family:IBM Plex Mono;font-style:normal;font-weight:300;src:local("IBM Plex Mono Light"),local("IBMPlexMono-Light"),url(https://fonts.gstatic.com/s/ibmplexmono/v4/-F6qfjptAgt5VM-kVkqdyU8n3oQIwlBFhA.woff) format("woff")}@font-face{font-family:IBM Plex Mono;font-style:normal;font-weight:400;src:local("IBM Plex Mono"),local("IBMPlexMono"),url(https://fonts.gstatic.com/s/ibmplexmono/v4/-F63fjptAgt5VM-kVkqdyU8n1i8q0Q.woff) format("woff")}@font-face{font-family:IBM Plex Mono;font-style:normal;font-weight:600;src:local("IBM Plex Mono SemiBold"),local("IBMPlexMono-SemiBold"),url(https://fonts.gstatic.com/s/ibmplexmono/v4/-F6qfjptAgt5VM-kVkqdyU8n3vAOwlBFhA.woff) format("woff")}@font-face{font-family:IBM Plex Mono;font-style:italic;font-weight:300;src:local("IBM Plex Mono Light Italic"),local("IBMPlexMono-LightItalic"),url(https://fonts.gstatic.com/s/ibmplexmono/v4/-F6sfjptAgt5VM-kVkqdyU8n1ioSflV1jcoQPttoz6Pz.woff2) format("woff2");unicode-range:U+0460-052f,U+1c80-1c88,U+20b4,U+2de0-2dff,U+a640-a69f,U+fe2e-fe2f}@font-face{font-family:IBM Plex Mono;font-style:italic;font-weight:300;src:local("IBM Plex Mono Light Italic"),local("IBMPlexMono-LightItalic"),url(https://fonts.gstatic.com/s/ibmplexmono/v4/-F6sfjptAgt5VM-kVkqdyU8n1ioSflV1hMoQPttoz6Pz.woff2) format("woff2");unicode-range:U+0400-045f,U+0490-0491,U+04b0-04b1,U+2116}@font-face{font-family:IBM Plex Mono;font-style:italic;font-weight:300;src:local("IBM Plex Mono Light Italic"),local("IBMPlexMono-LightItalic"),url(https://fonts.gstatic.com/s/ibmplexmono/v4/-F6sfjptAgt5VM-kVkqdyU8n1ioSflV1j8oQPttoz6Pz.woff2) format("woff2");unicode-range:U+0102-0103,U+0110-0111,U+1ea0-1ef9,U+20ab}@font-face{font-family:IBM Plex Mono;font-style:italic;font-weight:300;src:local("IBM Plex Mono Light Italic"),local("IBMPlexMono-LightItalic"),url(https://fonts.gstatic.com/s/ibmplexmono/v4/-F6sfjptAgt5VM-kVkqdyU8n1ioSflV1jsoQPttoz6Pz.woff2) format("woff2");unicode-range:U+0100-024f,U+0259,U+1e??,U+2020,U+20a0-20ab,U+20ad-20cf,U+2113,U+2c60-2c7f,U+a720-a7ff}@font-face{font-family:IBM Plex Mono;font-style:italic;font-weight:300;src:local("IBM Plex Mono Light Italic"),local("IBMPlexMono-LightItalic"),url(https://fonts.gstatic.com/s/ibmplexmono/v4/-F6sfjptAgt5VM-kVkqdyU8n1ioSflV1gMoQPttozw.woff2) format("woff2");unicode-range:U+00??,U+0131,U+0152-0153,U+02bb-02bc,U+02c6,U+02da,U+02dc,U+2000-206f,U+2074,U+20ac,U+2122,U+2191,U+2193,U+2212,U+2215,U+feff,U+fffd}@font-face{font-family:IBM Plex Mono;font-style:italic;font-weight:400;src:local("IBM Plex Mono Italic"),local("IBMPlexMono-Italic"),url(https://fonts.gstatic.com/s/ibmplexmono/v4/-F6pfjptAgt5VM-kVkqdyU8n1ioa2HdgregdFOFh.woff2) format("woff2");unicode-range:U+0460-052f,U+1c80-1c88,U+20b4,U+2de0-2dff,U+a640-a69f,U+fe2e-fe2f}@font-face{font-family:IBM Plex Mono;font-style:italic;font-weight:400;src:local("IBM Plex Mono Italic"),local("IBMPlexMono-Italic"),url(https://fonts.gstatic.com/s/ibmplexmono/v4/-F6pfjptAgt5VM-kVkqdyU8n1ioa0XdgregdFOFh.woff2) format("woff2");unicode-range:U+0400-045f,U+0490-0491,U+04b0-04b1,U+2116}@font-face{font-family:IBM Plex Mono;font-style:italic;font-weight:400;src:local("IBM Plex Mono Italic"),local("IBMPlexMono-Italic"),url(https://fonts.gstatic.com/s/ibmplexmono/v4/-F6pfjptAgt5VM-kVkqdyU8n1ioa2ndgregdFOFh.woff2) format("woff2");unicode-range:U+0102-0103,U+0110-0111,U+1ea0-1ef9,U+20ab}@font-face{font-family:IBM Plex Mono;font-style:italic;font-weight:400;src:local("IBM Plex Mono Italic"),local("IBMPlexMono-Italic"),url(https://fonts.gstatic.com/s/ibmplexmono/v4/-F6pfjptAgt5VM-kVkqdyU8n1ioa23dgregdFOFh.woff2) format("woff2");unicode-range:U+0100-024f,U+0259,U+1e??,U+2020,U+20a0-20ab,U+20ad-20cf,U+2113,U+2c60-2c7f,U+a720-a7ff}@font-face{font-family:IBM Plex Mono;font-style:italic;font-weight:400;src:local("IBM Plex Mono Italic"),local("IBMPlexMono-Italic"),url(https://fonts.gstatic.com/s/ibmplexmono/v4/-F6pfjptAgt5VM-kVkqdyU8n1ioa1XdgregdFA.woff2) format("woff2");unicode-range:U+00??,U+0131,U+0152-0153,U+02bb-02bc,U+02c6,U+02da,U+02dc,U+2000-206f,U+2074,U+20ac,U+2122,U+2191,U+2193,U+2212,U+2215,U+feff,U+fffd}@font-face{font-family:IBM Plex Mono;font-style:italic;font-weight:600;src:local("IBM Plex Mono SemiBold Italic"),local("IBMPlexMono-SemiBoldItalic"),url(https://fonts.gstatic.com/s/ibmplexmono/v4/-F6sfjptAgt5VM-kVkqdyU8n1ioSClN1jcoQPttoz6Pz.woff2) format("woff2");unicode-range:U+0460-052f,U+1c80-1c88,U+20b4,U+2de0-2dff,U+a640-a69f,U+fe2e-fe2f}@font-face{font-family:IBM Plex Mono;font-style:italic;font-weight:600;src:local("IBM Plex Mono SemiBold Italic"),local("IBMPlexMono-SemiBoldItalic"),url(https://fonts.gstatic.com/s/ibmplexmono/v4/-F6sfjptAgt5VM-kVkqdyU8n1ioSClN1hMoQPttoz6Pz.woff2) format("woff2");unicode-range:U+0400-045f,U+0490-0491,U+04b0-04b1,U+2116}@font-face{font-family:IBM Plex Mono;font-style:italic;font-weight:600;src:local("IBM Plex Mono SemiBold Italic"),local("IBMPlexMono-SemiBoldItalic"),url(https://fonts.gstatic.com/s/ibmplexmono/v4/-F6sfjptAgt5VM-kVkqdyU8n1ioSClN1j8oQPttoz6Pz.woff2) format("woff2");unicode-range:U+0102-0103,U+0110-0111,U+1ea0-1ef9,U+20ab}@font-face{font-family:IBM Plex Mono;font-style:italic;font-weight:600;src:local("IBM Plex Mono SemiBold Italic"),local("IBMPlexMono-SemiBoldItalic"),url(https://fonts.gstatic.com/s/ibmplexmono/v4/-F6sfjptAgt5VM-kVkqdyU8n1ioSClN1jsoQPttoz6Pz.woff2) format("woff2");unicode-range:U+0100-024f,U+0259,U+1e??,U+2020,U+20a0-20ab,U+20ad-20cf,U+2113,U+2c60-2c7f,U+a720-a7ff}@font-face{font-family:IBM Plex Mono;font-style:italic;font-weight:600;src:local("IBM Plex Mono SemiBold Italic"),local("IBMPlexMono-SemiBoldItalic"),url(https://fonts.gstatic.com/s/ibmplexmono/v4/-F6sfjptAgt5VM-kVkqdyU8n1ioSClN1gMoQPttozw.woff2) format("woff2");unicode-range:U+00??,U+0131,U+0152-0153,U+02bb-02bc,U+02c6,U+02da,U+02dc,U+2000-206f,U+2074,U+20ac,U+2122,U+2191,U+2193,U+2212,U+2215,U+feff,U+fffd}@font-face{font-family:IBM Plex Mono;font-style:normal;font-weight:300;src:local("IBM Plex Mono Light"),local("IBMPlexMono-Light"),url(https://fonts.gstatic.com/s/ibmplexmono/v4/-F6qfjptAgt5VM-kVkqdyU8n3oQIwl1FgsAXHNlYzg.woff2) format("woff2");unicode-range:U+0460-052f,U+1c80-1c88,U+20b4,U+2de0-2dff,U+a640-a69f,U+fe2e-fe2f}@font-face{font-family:IBM Plex Mono;font-style:normal;font-weight:300;src:local("IBM Plex Mono Light"),local("IBMPlexMono-Light"),url(https://fonts.gstatic.com/s/ibmplexmono/v4/-F6qfjptAgt5VM-kVkqdyU8n3oQIwlRFgsAXHNlYzg.woff2) format("woff2");unicode-range:U+0400-045f,U+0490-0491,U+04b0-04b1,U+2116}@font-face{font-family:IBM Plex Mono;font-style:normal;font-weight:300;src:local("IBM Plex Mono Light"),local("IBMPlexMono-Light"),url(https://fonts.gstatic.com/s/ibmplexmono/v4/-F6qfjptAgt5VM-kVkqdyU8n3oQIwl9FgsAXHNlYzg.woff2) format("woff2");unicode-range:U+0102-0103,U+0110-0111,U+1ea0-1ef9,U+20ab}@font-face{font-family:IBM Plex Mono;font-style:normal;font-weight:300;src:local("IBM Plex Mono Light"),local("IBMPlexMono-Light"),url(https://fonts.gstatic.com/s/ibmplexmono/v4/-F6qfjptAgt5VM-kVkqdyU8n3oQIwl5FgsAXHNlYzg.woff2) format("woff2");unicode-range:U+0100-024f,U+0259,U+1e??,U+2020,U+20a0-20ab,U+20ad-20cf,U+2113,U+2c60-2c7f,U+a720-a7ff}@font-face{font-family:IBM Plex Mono;font-style:normal;font-weight:300;src:local("IBM Plex Mono Light"),local("IBMPlexMono-Light"),url(https://fonts.gstatic.com/s/ibmplexmono/v4/-F6qfjptAgt5VM-kVkqdyU8n3oQIwlBFgsAXHNk.woff2) format("woff2");unicode-range:U+00??,U+0131,U+0152-0153,U+02bb-02bc,U+02c6,U+02da,U+02dc,U+2000-206f,U+2074,U+20ac,U+2122,U+2191,U+2193,U+2212,U+2215,U+feff,U+fffd}@font-face{font-family:IBM Plex Mono;font-style:normal;font-weight:400;src:local("IBM Plex Mono"),local("IBMPlexMono"),url(https://fonts.gstatic.com/s/ibmplexmono/v4/-F63fjptAgt5VM-kVkqdyU8n1iIq131nj-otFQ.woff2) format("woff2");unicode-range:U+0460-052f,U+1c80-1c88,U+20b4,U+2de0-2dff,U+a640-a69f,U+fe2e-fe2f}@font-face{font-family:IBM Plex Mono;font-style:normal;font-weight:400;src:local("IBM Plex Mono"),local("IBMPlexMono"),url(https://fonts.gstatic.com/s/ibmplexmono/v4/-F63fjptAgt5VM-kVkqdyU8n1isq131nj-otFQ.woff2) format("woff2");unicode-range:U+0400-045f,U+0490-0491,U+04b0-04b1,U+2116}@font-face{font-family:IBM Plex Mono;font-style:normal;font-weight:400;src:local("IBM Plex Mono"),local("IBMPlexMono"),url(https://fonts.gstatic.com/s/ibmplexmono/v4/-F63fjptAgt5VM-kVkqdyU8n1iAq131nj-otFQ.woff2) format("woff2");unicode-range:U+0102-0103,U+0110-0111,U+1ea0-1ef9,U+20ab}@font-face{font-family:IBM Plex Mono;font-style:normal;font-weight:400;src:local("IBM Plex Mono"),local("IBMPlexMono"),url(https://fonts.gstatic.com/s/ibmplexmono/v4/-F63fjptAgt5VM-kVkqdyU8n1iEq131nj-otFQ.woff2) format("woff2");unicode-range:U+0100-024f,U+0259,U+1e??,U+2020,U+20a0-20ab,U+20ad-20cf,U+2113,U+2c60-2c7f,U+a720-a7ff}@font-face{font-family:IBM Plex Mono;font-style:normal;font-weight:400;src:local("IBM Plex Mono"),local("IBMPlexMono"),url(https://fonts.gstatic.com/s/ibmplexmono/v4/-F63fjptAgt5VM-kVkqdyU8n1i8q131nj-o.woff2) format("woff2");unicode-range:U+00??,U+0131,U+0152-0153,U+02bb-02bc,U+02c6,U+02da,U+02dc,U+2000-206f,U+2074,U+20ac,U+2122,U+2191,U+2193,U+2212,U+2215,U+feff,U+fffd}@font-face{font-family:IBM Plex Mono;font-style:normal;font-weight:600;src:local("IBM Plex Mono SemiBold"),local("IBMPlexMono-SemiBold"),url(https://fonts.gstatic.com/s/ibmplexmono/v4/-F6qfjptAgt5VM-kVkqdyU8n3vAOwl1FgsAXHNlYzg.woff2) format("woff2");unicode-range:U+0460-052f,U+1c80-1c88,U+20b4,U+2de0-2dff,U+a640-a69f,U+fe2e-fe2f}@font-face{font-family:IBM Plex Mono;font-style:normal;font-weight:600;src:local("IBM Plex Mono SemiBold"),local("IBMPlexMono-SemiBold"),url(https://fonts.gstatic.com/s/ibmplexmono/v4/-F6qfjptAgt5VM-kVkqdyU8n3vAOwlRFgsAXHNlYzg.woff2) format("woff2");unicode-range:U+0400-045f,U+0490-0491,U+04b0-04b1,U+2116}@font-face{font-family:IBM Plex Mono;font-style:normal;font-weight:600;src:local("IBM Plex Mono SemiBold"),local("IBMPlexMono-SemiBold"),url(https://fonts.gstatic.com/s/ibmplexmono/v4/-F6qfjptAgt5VM-kVkqdyU8n3vAOwl9FgsAXHNlYzg.woff2) format("woff2");unicode-range:U+0102-0103,U+0110-0111,U+1ea0-1ef9,U+20ab}@font-face{font-family:IBM Plex Mono;font-style:normal;font-weight:600;src:local("IBM Plex Mono SemiBold"),local("IBMPlexMono-SemiBold"),url(https://fonts.gstatic.com/s/ibmplexmono/v4/-F6qfjptAgt5VM-kVkqdyU8n3vAOwl5FgsAXHNlYzg.woff2) format("woff2");unicode-range:U+0100-024f,U+0259,U+1e??,U+2020,U+20a0-20ab,U+20ad-20cf,U+2113,U+2c60-2c7f,U+a720-a7ff}@font-face{font-family:IBM Plex Mono;font-style:normal;font-weight:600;src:local("IBM Plex Mono SemiBold"),local("IBMPlexMono-SemiBold"),url(https://fonts.gstatic.com/s/ibmplexmono/v4/-F6qfjptAgt5VM-kVkqdyU8n3vAOwlBFgsAXHNk.woff2) format("woff2");unicode-range:U+00??,U+0131,U+0152-0153,U+02bb-02bc,U+02c6,U+02da,U+02dc,U+2000-206f,U+2074,U+20ac,U+2122,U+2191,U+2193,U+2212,U+2215,U+feff,U+fffd}@font-face{font-family:IBM Plex Sans;font-style:italic;font-weight:300;src:local("IBM Plex Sans Light Italic"),local("IBMPlexSans-LightItalic"),url(https://fonts.gstatic.com/s/ibmplexsans/v6/zYX7KVElMYYaJe8bpLHnCwDKhdTmvIRcdvfo.woff) format("woff")}@font-face{font-family:IBM Plex Sans;font-style:italic;font-weight:400;src:local("IBM Plex Sans Italic"),local("IBMPlexSans-Italic"),url(https://fonts.gstatic.com/s/ibmplexsans/v6/zYX-KVElMYYaJe8bpLHnCwDKhdTuF6ZP.woff) format("woff")}@font-face{font-family:IBM Plex Sans;font-style:italic;font-weight:600;src:local("IBM Plex Sans SemiBold Italic"),local("IBMPlexSans-SemiBoldItalic"),url(https://fonts.gstatic.com/s/ibmplexsans/v6/zYX7KVElMYYaJe8bpLHnCwDKhdTmyIJcdvfo.woff) format("woff")}@font-face{font-family:IBM Plex Sans;font-style:normal;font-weight:300;src:local("IBM Plex Sans Light"),local("IBMPlexSans-Light"),url(https://fonts.gstatic.com/s/ibmplexsans/v6/zYX9KVElMYYaJe8bpLHnCwDKjXr8AIFscg.woff) format("woff")}@font-face{font-family:IBM Plex Sans;font-style:normal;font-weight:400;src:local("IBM Plex Sans"),local("IBMPlexSans"),url(https://fonts.gstatic.com/s/ibmplexsans/v6/zYXgKVElMYYaJe8bpLHnCwDKhdHeEw.woff) format("woff")}@font-face{font-family:IBM Plex Sans;font-style:normal;font-weight:600;src:local("IBM Plex Sans SemiBold"),local("IBMPlexSans-SemiBold"),url(https://fonts.gstatic.com/s/ibmplexsans/v6/zYX9KVElMYYaJe8bpLHnCwDKjQ76AIFscg.woff) format("woff")}@font-face{font-family:IBM Plex Sans;font-style:italic;font-weight:300;src:local("IBM Plex Sans Light Italic"),local("IBMPlexSans-LightItalic"),url(https://fonts.gstatic.com/s/ibmplexsans/v6/zYX7KVElMYYaJe8bpLHnCwDKhdTmvIRce_fuJGl18QRY.woff2) format("woff2");unicode-range:U+0460-052f,U+1c80-1c88,U+20b4,U+2de0-2dff,U+a640-a69f,U+fe2e-fe2f}@font-face{font-family:IBM Plex Sans;font-style:italic;font-weight:300;src:local("IBM Plex Sans Light Italic"),local("IBMPlexSans-LightItalic"),url(https://fonts.gstatic.com/s/ibmplexsans/v6/zYX7KVElMYYaJe8bpLHnCwDKhdTmvIRccvfuJGl18QRY.woff2) format("woff2");unicode-range:U+0400-045f,U+0490-0491,U+04b0-04b1,U+2116}@font-face{font-family:IBM Plex Sans;font-style:italic;font-weight:300;src:local("IBM Plex Sans Light Italic"),local("IBMPlexSans-LightItalic"),url(https://fonts.gstatic.com/s/ibmplexsans/v6/zYX7KVElMYYaJe8bpLHnCwDKhdTmvIRcdffuJGl18QRY.woff2) format("woff2");unicode-range:U+0370-03ff}@font-face{font-family:IBM Plex Sans;font-style:italic;font-weight:300;src:local("IBM Plex Sans Light Italic"),local("IBMPlexSans-LightItalic"),url(https://fonts.gstatic.com/s/ibmplexsans/v6/zYX7KVElMYYaJe8bpLHnCwDKhdTmvIRceffuJGl18QRY.woff2) format("woff2");unicode-range:U+0102-0103,U+0110-0111,U+1ea0-1ef9,U+20ab}@font-face{font-family:IBM Plex Sans;font-style:italic;font-weight:300;src:local("IBM Plex Sans Light Italic"),local("IBMPlexSans-LightItalic"),url(https://fonts.gstatic.com/s/ibmplexsans/v6/zYX7KVElMYYaJe8bpLHnCwDKhdTmvIRcePfuJGl18QRY.woff2) format("woff2");unicode-range:U+0100-024f,U+0259,U+1e??,U+2020,U+20a0-20ab,U+20ad-20cf,U+2113,U+2c60-2c7f,U+a720-a7ff}@font-face{font-family:IBM Plex Sans;font-style:italic;font-weight:300;src:local("IBM Plex Sans Light Italic"),local("IBMPlexSans-LightItalic"),url(https://fonts.gstatic.com/s/ibmplexsans/v6/zYX7KVElMYYaJe8bpLHnCwDKhdTmvIRcdvfuJGl18Q.woff2) format("woff2");unicode-range:U+00??,U+0131,U+0152-0153,U+02bb-02bc,U+02c6,U+02da,U+02dc,U+2000-206f,U+2074,U+20ac,U+2122,U+2191,U+2193,U+2212,U+2215,U+feff,U+fffd}@font-face{font-family:IBM Plex Sans;font-style:italic;font-weight:400;src:local("IBM Plex Sans Italic"),local("IBMPlexSans-Italic"),url(https://fonts.gstatic.com/s/ibmplexsans/v6/zYX-KVElMYYaJe8bpLHnCwDKhdTuGqZJW9XjDlN8.woff2) format("woff2");unicode-range:U+0460-052f,U+1c80-1c88,U+20b4,U+2de0-2dff,U+a640-a69f,U+fe2e-fe2f}@font-face{font-family:IBM Plex Sans;font-style:italic;font-weight:400;src:local("IBM Plex Sans Italic"),local("IBMPlexSans-Italic"),url(https://fonts.gstatic.com/s/ibmplexsans/v6/zYX-KVElMYYaJe8bpLHnCwDKhdTuE6ZJW9XjDlN8.woff2) format("woff2");unicode-range:U+0400-045f,U+0490-0491,U+04b0-04b1,U+2116}@font-face{font-family:IBM Plex Sans;font-style:italic;font-weight:400;src:local("IBM Plex Sans Italic"),local("IBMPlexSans-Italic"),url(https://fonts.gstatic.com/s/ibmplexsans/v6/zYX-KVElMYYaJe8bpLHnCwDKhdTuFKZJW9XjDlN8.woff2) format("woff2");unicode-range:U+0370-03ff}@font-face{font-family:IBM Plex Sans;font-style:italic;font-weight:400;src:local("IBM Plex Sans Italic"),local("IBMPlexSans-Italic"),url(https://fonts.gstatic.com/s/ibmplexsans/v6/zYX-KVElMYYaJe8bpLHnCwDKhdTuGKZJW9XjDlN8.woff2) format("woff2");unicode-range:U+0102-0103,U+0110-0111,U+1ea0-1ef9,U+20ab}@font-face{font-family:IBM Plex Sans;font-style:italic;font-weight:400;src:local("IBM Plex Sans Italic"),local("IBMPlexSans-Italic"),url(https://fonts.gstatic.com/s/ibmplexsans/v6/zYX-KVElMYYaJe8bpLHnCwDKhdTuGaZJW9XjDlN8.woff2) format("woff2");unicode-range:U+0100-024f,U+0259,U+1e??,U+2020,U+20a0-20ab,U+20ad-20cf,U+2113,U+2c60-2c7f,U+a720-a7ff}@font-face{font-family:IBM Plex Sans;font-style:italic;font-weight:400;src:local("IBM Plex Sans Italic"),local("IBMPlexSans-Italic"),url(https://fonts.gstatic.com/s/ibmplexsans/v6/zYX-KVElMYYaJe8bpLHnCwDKhdTuF6ZJW9XjDg.woff2) format("woff2");unicode-range:U+00??,U+0131,U+0152-0153,U+02bb-02bc,U+02c6,U+02da,U+02dc,U+2000-206f,U+2074,U+20ac,U+2122,U+2191,U+2193,U+2212,U+2215,U+feff,U+fffd}@font-face{font-family:IBM Plex Sans;font-style:italic;font-weight:600;src:local("IBM Plex Sans SemiBold Italic"),local("IBMPlexSans-SemiBoldItalic"),url(https://fonts.gstatic.com/s/ibmplexsans/v6/zYX7KVElMYYaJe8bpLHnCwDKhdTmyIJce_fuJGl18QRY.woff2) format("woff2");unicode-range:U+0460-052f,U+1c80-1c88,U+20b4,U+2de0-2dff,U+a640-a69f,U+fe2e-fe2f}@font-face{font-family:IBM Plex Sans;font-style:italic;font-weight:600;src:local("IBM Plex Sans SemiBold Italic"),local("IBMPlexSans-SemiBoldItalic"),url(https://fonts.gstatic.com/s/ibmplexsans/v6/zYX7KVElMYYaJe8bpLHnCwDKhdTmyIJccvfuJGl18QRY.woff2) format("woff2");unicode-range:U+0400-045f,U+0490-0491,U+04b0-04b1,U+2116}@font-face{font-family:IBM Plex Sans;font-style:italic;font-weight:600;src:local("IBM Plex Sans SemiBold Italic"),local("IBMPlexSans-SemiBoldItalic"),url(https://fonts.gstatic.com/s/ibmplexsans/v6/zYX7KVElMYYaJe8bpLHnCwDKhdTmyIJcdffuJGl18QRY.woff2) format("woff2");unicode-range:U+0370-03ff}@font-face{font-family:IBM Plex Sans;font-style:italic;font-weight:600;src:local("IBM Plex Sans SemiBold Italic"),local("IBMPlexSans-SemiBoldItalic"),url(https://fonts.gstatic.com/s/ibmplexsans/v6/zYX7KVElMYYaJe8bpLHnCwDKhdTmyIJceffuJGl18QRY.woff2) format("woff2");unicode-range:U+0102-0103,U+0110-0111,U+1ea0-1ef9,U+20ab}@font-face{font-family:IBM Plex Sans;font-style:italic;font-weight:600;src:local("IBM Plex Sans SemiBold Italic"),local("IBMPlexSans-SemiBoldItalic"),url(https://fonts.gstatic.com/s/ibmplexsans/v6/zYX7KVElMYYaJe8bpLHnCwDKhdTmyIJcePfuJGl18QRY.woff2) format("woff2");unicode-range:U+0100-024f,U+0259,U+1e??,U+2020,U+20a0-20ab,U+20ad-20cf,U+2113,U+2c60-2c7f,U+a720-a7ff}@font-face{font-family:IBM Plex Sans;font-style:italic;font-weight:600;src:local("IBM Plex Sans SemiBold Italic"),local("IBMPlexSans-SemiBoldItalic"),url(https://fonts.gstatic.com/s/ibmplexsans/v6/zYX7KVElMYYaJe8bpLHnCwDKhdTmyIJcdvfuJGl18Q.woff2) format("woff2");unicode-range:U+00??,U+0131,U+0152-0153,U+02bb-02bc,U+02c6,U+02da,U+02dc,U+2000-206f,U+2074,U+20ac,U+2122,U+2191,U+2193,U+2212,U+2215,U+feff,U+fffd}@font-face{font-family:IBM Plex Sans;font-style:normal;font-weight:300;src:local("IBM Plex Sans Light"),local("IBMPlexSans-Light"),url(https://fonts.gstatic.com/s/ibmplexsans/v6/zYX9KVElMYYaJe8bpLHnCwDKjXr8AIxsdP3pBmtF8A.woff2) format("woff2");unicode-range:U+0460-052f,U+1c80-1c88,U+20b4,U+2de0-2dff,U+a640-a69f,U+fe2e-fe2f}@font-face{font-family:IBM Plex Sans;font-style:normal;font-weight:300;src:local("IBM Plex Sans Light"),local("IBMPlexSans-Light"),url(https://fonts.gstatic.com/s/ibmplexsans/v6/zYX9KVElMYYaJe8bpLHnCwDKjXr8AIVsdP3pBmtF8A.woff2) format("woff2");unicode-range:U+0400-045f,U+0490-0491,U+04b0-04b1,U+2116}@font-face{font-family:IBM Plex Sans;font-style:normal;font-weight:300;src:local("IBM Plex Sans Light"),local("IBMPlexSans-Light"),url(https://fonts.gstatic.com/s/ibmplexsans/v6/zYX9KVElMYYaJe8bpLHnCwDKjXr8AIJsdP3pBmtF8A.woff2) format("woff2");unicode-range:U+0370-03ff}@font-face{font-family:IBM Plex Sans;font-style:normal;font-weight:300;src:local("IBM Plex Sans Light"),local("IBMPlexSans-Light"),url(https://fonts.gstatic.com/s/ibmplexsans/v6/zYX9KVElMYYaJe8bpLHnCwDKjXr8AI5sdP3pBmtF8A.woff2) format("woff2");unicode-range:U+0102-0103,U+0110-0111,U+1ea0-1ef9,U+20ab}@font-face{font-family:IBM Plex Sans;font-style:normal;font-weight:300;src:local("IBM Plex Sans Light"),local("IBMPlexSans-Light"),url(https://fonts.gstatic.com/s/ibmplexsans/v6/zYX9KVElMYYaJe8bpLHnCwDKjXr8AI9sdP3pBmtF8A.woff2) format("woff2");unicode-range:U+0100-024f,U+0259,U+1e??,U+2020,U+20a0-20ab,U+20ad-20cf,U+2113,U+2c60-2c7f,U+a720-a7ff}@font-face{font-family:IBM Plex Sans;font-style:normal;font-weight:300;src:local("IBM Plex Sans Light"),local("IBMPlexSans-Light"),url(https://fonts.gstatic.com/s/ibmplexsans/v6/zYX9KVElMYYaJe8bpLHnCwDKjXr8AIFsdP3pBms.woff2) format("woff2");unicode-range:U+00??,U+0131,U+0152-0153,U+02bb-02bc,U+02c6,U+02da,U+02dc,U+2000-206f,U+2074,U+20ac,U+2122,U+2191,U+2193,U+2212,U+2215,U+feff,U+fffd}@font-face{font-family:IBM Plex Sans;font-style:normal;font-weight:400;src:local("IBM Plex Sans"),local("IBMPlexSans"),url(https://fonts.gstatic.com/s/ibmplexsans/v6/zYXgKVElMYYaJe8bpLHnCwDKhdzeFaxOedfTDw.woff2) format("woff2");unicode-range:U+0460-052f,U+1c80-1c88,U+20b4,U+2de0-2dff,U+a640-a69f,U+fe2e-fe2f}@font-face{font-family:IBM Plex Sans;font-style:normal;font-weight:400;src:local("IBM Plex Sans"),local("IBMPlexSans"),url(https://fonts.gstatic.com/s/ibmplexsans/v6/zYXgKVElMYYaJe8bpLHnCwDKhdXeFaxOedfTDw.woff2) format("woff2");unicode-range:U+0400-045f,U+0490-0491,U+04b0-04b1,U+2116}@font-face{font-family:IBM Plex Sans;font-style:normal;font-weight:400;src:local("IBM Plex Sans"),local("IBMPlexSans"),url(https://fonts.gstatic.com/s/ibmplexsans/v6/zYXgKVElMYYaJe8bpLHnCwDKhdLeFaxOedfTDw.woff2) format("woff2");unicode-range:U+0370-03ff}@font-face{font-family:IBM Plex Sans;font-style:normal;font-weight:400;src:local("IBM Plex Sans"),local("IBMPlexSans"),url(https://fonts.gstatic.com/s/ibmplexsans/v6/zYXgKVElMYYaJe8bpLHnCwDKhd7eFaxOedfTDw.woff2) format("woff2");unicode-range:U+0102-0103,U+0110-0111,U+1ea0-1ef9,U+20ab}@font-face{font-family:IBM Plex Sans;font-style:normal;font-weight:400;src:local("IBM Plex Sans"),local("IBMPlexSans"),url(https://fonts.gstatic.com/s/ibmplexsans/v6/zYXgKVElMYYaJe8bpLHnCwDKhd_eFaxOedfTDw.woff2) format("woff2");unicode-range:U+0100-024f,U+0259,U+1e??,U+2020,U+20a0-20ab,U+20ad-20cf,U+2113,U+2c60-2c7f,U+a720-a7ff}@font-face{font-family:IBM Plex Sans;font-style:normal;font-weight:400;src:local("IBM Plex Sans"),local("IBMPlexSans"),url(https://fonts.gstatic.com/s/ibmplexsans/v6/zYXgKVElMYYaJe8bpLHnCwDKhdHeFaxOedc.woff2) format("woff2");unicode-range:U+00??,U+0131,U+0152-0153,U+02bb-02bc,U+02c6,U+02da,U+02dc,U+2000-206f,U+2074,U+20ac,U+2122,U+2191,U+2193,U+2212,U+2215,U+feff,U+fffd}@font-face{font-family:IBM Plex Sans;font-style:normal;font-weight:600;src:local("IBM Plex Sans SemiBold"),local("IBMPlexSans-SemiBold"),url(https://fonts.gstatic.com/s/ibmplexsans/v6/zYX9KVElMYYaJe8bpLHnCwDKjQ76AIxsdP3pBmtF8A.woff2) format("woff2");unicode-range:U+0460-052f,U+1c80-1c88,U+20b4,U+2de0-2dff,U+a640-a69f,U+fe2e-fe2f}@font-face{font-family:IBM Plex Sans;font-style:normal;font-weight:600;src:local("IBM Plex Sans SemiBold"),local("IBMPlexSans-SemiBold"),url(https://fonts.gstatic.com/s/ibmplexsans/v6/zYX9KVElMYYaJe8bpLHnCwDKjQ76AIVsdP3pBmtF8A.woff2) format("woff2");unicode-range:U+0400-045f,U+0490-0491,U+04b0-04b1,U+2116}@font-face{font-family:IBM Plex Sans;font-style:normal;font-weight:600;src:local("IBM Plex Sans SemiBold"),local("IBMPlexSans-SemiBold"),url(https://fonts.gstatic.com/s/ibmplexsans/v6/zYX9KVElMYYaJe8bpLHnCwDKjQ76AIJsdP3pBmtF8A.woff2) format("woff2");unicode-range:U+0370-03ff}@font-face{font-family:IBM Plex Sans;font-style:normal;font-weight:600;src:local("IBM Plex Sans SemiBold"),local("IBMPlexSans-SemiBold"),url(https://fonts.gstatic.com/s/ibmplexsans/v6/zYX9KVElMYYaJe8bpLHnCwDKjQ76AI5sdP3pBmtF8A.woff2) format("woff2");unicode-range:U+0102-0103,U+0110-0111,U+1ea0-1ef9,U+20ab}@font-face{font-family:IBM Plex Sans;font-style:normal;font-weight:600;src:local("IBM Plex Sans SemiBold"),local("IBMPlexSans-SemiBold"),url(https://fonts.gstatic.com/s/ibmplexsans/v6/zYX9KVElMYYaJe8bpLHnCwDKjQ76AI9sdP3pBmtF8A.woff2) format("woff2");unicode-range:U+0100-024f,U+0259,U+1e??,U+2020,U+20a0-20ab,U+20ad-20cf,U+2113,U+2c60-2c7f,U+a720-a7ff}@font-face{font-family:IBM Plex Sans;font-style:normal;font-weight:600;src:local("IBM Plex Sans SemiBold"),local("IBMPlexSans-SemiBold"),url(https://fonts.gstatic.com/s/ibmplexsans/v6/zYX9KVElMYYaJe8bpLHnCwDKjQ76AIFsdA.woff2) format("woff2");unicode-range:U+00??,U+0131,U+0152-0153,U+02bb-02bc,U+02c6,U+02da,U+02dc,U+2000-206f,U+2074,U+20ac,U+2122,U+2191,U+2193,U+2212,U+2215,U+feff,U+fffd}#WACContainer.WACContainer .WACWidget__breakWord{word-wrap:break-word;word-break:break-word}#WACContainer.WACContainer .WACWidget__textEllipsis{overflow:hidden;text-overflow:ellipsis;word-wrap:break-word;white-space:nowrap}#WACContainer.WACContainer .WAC__hidden{display:none}#WACContainer.WACContainer button::-moz-focus-inner{border:none}#WACContainer.WACContainer .WAC_skeletonLoading{position:relative;border:none;padding:0;box-shadow:none;pointer-events:none;background:var(--WatsonAssistantChat-CARBON-skeleton-01)}#WACContainer.WACContainer .WAC_skeletonLoading:before{content:"";width:0;height:100%;position:absolute;top:0;left:0;background:var(--WatsonAssistantChat-CARBON-skeleton-02);-webkit-animation:WACskeletonLoading 3s ease-in-out infinite;animation:WACskeletonLoading 3s ease-in-out infinite}#WACContainer.WACContainer .WAC_skeletonLoading.WAC_skeletonLoading--text{position:relative;border:none;padding:0;box-shadow:none;pointer-events:none;background:var(--WatsonAssistantChat-CARBON-skeleton-01);width:100%;height:1rem;margin-bottom:.5rem}#WACContainer.WACContainer .WAC_skeletonLoading.WAC_skeletonLoading--text:before{content:"";width:0;height:100%;position:absolute;top:0;left:0;background:var(--WatsonAssistantChat-CARBON-skeleton-02);-webkit-animation:WACskeletonLoading 3s ease-in-out infinite;animation:WACskeletonLoading 3s ease-in-out infinite}#WACContainer.WACContainer .WAC__RichText button,#WACContainer.WACContainer button.WAC__button--base{border-radius:0;box-shadow:none;cursor:pointer;opacity:1;outline:none;padding:var(--WatsonAssistantChat-BASE-spacing-04) var(--WatsonAssistantChat-BASE-spacing-04);display:-webkit-box;display:flex;font-family:inherit;font-size:inherit;-webkit-box-align:center;align-items:center}#WACContainer.WACContainer button.WAC__button--base svg{fill:currentColor}#WACContainer.WACContainer .WAC__RichText button::-moz-focus-inner,#WACContainer.WACContainer button.WAC__button--base::-moz-focus-inner{border:0;padding:0}#WACContainer.WACContainer .WAC__RichText button:disabled,#WACContainer.WACContainer .WAC__RichText button:disabled *,#WACContainer.WACContainer button.WAC__button--base:disabled,#WACContainer.WACContainer button.WAC__button--base:disabled *{cursor:not-allowed}#WACContainer.WACContainer .WAC__RichText button:enabled *,#WACContainer.WACContainer button.WAC__button--base:enabled *{cursor:pointer}#WACContainer.WACContainer .WAC__RichText button:enabled:active,#WACContainer.WACContainer button.WAC__button--base:enabled:active{opacity:.8}#WACContainer.WACContainer button.WAC__button--primary{border:var(--WatsonAssistantChat-BASE-border-width-med) solid transparent;color:var(--WatsonAssistantChat-ACCENT-color-text)}#WACContainer.WACContainer button.WAC__button--primary:focus{box-shadow:inset 0 0 0 var(--WatsonAssistantChat-BASE-border-width-small) var(--WatsonAssistantChat-CARBON-ui-02);border-color:var(--WatsonAssistantChat-CARBON-focus)}#WACContainer.WACContainer button.WAC__button--primary:disabled{background:var(--WatsonAssistantChat-CARBON-disabled-02)}#WACContainer.WACContainer button.WAC__button--primary:enabled{background:var(--WatsonAssistantChat-CARBON-interactive-01)}#WACContainer.WACContainer button.WAC__button--primary:enabled:hover{background:var(--WatsonAssistantChat-CARBON-hover-primary)}#WACContainer.WACContainer button.WAC__button--primary:enabled:active{background:var(--WatsonAssistantChat-CARBON-active-primary);box-shadow:inset 0 0 0 var(--WatsonAssistantChat-BASE-border-width-small) var(--WatsonAssistantChat-CARBON-ui-02)}#WACContainer.WACContainer button.WAC__button--secondary{color:var(--WatsonAssistantChat-CARBON-text-04);border:2px solid transparent}#WACContainer.WACContainer button.WAC__button--secondary:focus{box-shadow:inset 0 0 0 1px var(--WatsonAssistantChat-CARBON-ui-02);border-color:var(--WatsonAssistantChat-CARBON-focus)}#WACContainer.WACContainer button.WAC__button--secondary:disabled{color:var(--WatsonAssistantChat-CARBON-disabled-03);background:var(--WatsonAssistantChat-CARBON-disabled-02)}#WACContainer.WACContainer button.WAC__button--secondary:enabled{background:var(--WatsonAssistantChat-CARBON-interactive-02)}#WACContainer.WACContainer button.WAC__button--secondary:enabled:hover{background-color:var(--WatsonAssistantChat-CARBON-hover-secondary)}#WACContainer.WACContainer button.WAC__button--secondary:enabled:active{background-color:var(--WatsonAssistantChat-CARBON-hover-secondary);box-shadow:inset 0 0 0 1px currentColor}#WACContainer.WACContainer .WAC__RichText button,#WACContainer.WACContainer button.WAC__button--round{background:var(--WatsonAssistantChat-CARBON-ui-03);border:var(--WatsonAssistantChat-BASE-border-width-med) solid transparent;border-radius:var(--WatsonAssistantChat-BASE-border-radius-xlarge);color:var(--WatsonAssistantChat-CARBON-text-01)}#WACContainer.WACContainer .WAC__RichText button:focus,#WACContainer.WACContainer button.WAC__button--round:focus{border-color:var(--WatsonAssistantChat-CARBON-focus)}#WACContainer.WACContainer .WAC__RichText button:disabled,#WACContainer.WACContainer button.WAC__button--round:disabled{opacity:.75}#WACContainer.WACContainer .WAC__RichText button:enabled:hover,#WACContainer.WACContainer button.WAC__button--round:enabled:hover{background-color:var(--WatsonAssistantChat-CARBON-active-ui)}#WACContainer.WACContainer .WAC__RichText button:enabled:active,#WACContainer.WACContainer button.WAC__button--round:enabled:active{background:var(--WatsonAssistantChat-CARBON-inverse-hover-ui);color:var(--WatsonAssistantChat-CARBON-inverse-01);opacity:1}#WACContainer.WACContainer .WAC__RichText button.WAC__button--selected,#WACContainer.WACContainer .WAC__RichText button.WAC__button--selected:disabled:hover,#WACContainer.WACContainer button.WAC__button--round.WAC__button--selected,#WACContainer.WACContainer button.WAC__button--round.WAC__button--selected:disabled:hover{background:var(--WatsonAssistantChat-CARBON-inverse-hover-ui);color:var(--WatsonAssistantChat-CARBON-inverse-01)}#WACContainer.WACContainer button.WAC__button--ghost{color:var(--WatsonAssistantChat-ACCENT-color-ghost-text)}#WACContainer.WACContainer button.WAC__button--ghost:disabled{background:var(--WatsonAssistantChat-CARBON-disabled-02);border:var(--WatsonAssistantChat-CARBON-disabled-02)}#WACContainer.WACContainer button.WAC__button--ghost:enabled{background:transparent;border:var(--WatsonAssistantChat-BASE-border-width-med) solid transparent}#WACContainer.WACContainer button.WAC__button--ghost:enabled:active,#WACContainer.WACContainer button.WAC__button--ghost:enabled:hover{background-color:var(--WatsonAssistantChat-CARBON-hover-ui);box-shadow:none}#WACContainer.WACContainer button.WAC__button--ghost:enabled:active{background-color:var(--WatsonAssistantChat-CARBON-active-ui);box-shadow:none}#WACContainer.WACContainer button.WAC__button--ghost:focus{border:var(--WatsonAssistantChat-BASE-border-width-med) solid var(--WatsonAssistantChat-CARBON-focus)}#WACContainer.WACContainer button.WAC__button--link{border:0;padding:0;box-shadow:none;background:none;color:var(--WatsonAssistantChat-CARBON-link-01);font-size:inherit;line-height:inherit;border-radius:0;text-align:left}#WACContainer.WACContainer[dir=rtl] button.WAC__button--link{text-align:right}#WACContainer.WACContainer button.WAC__button--link:enabled,#WACContainer.WACContainer button.WAC__button--link:enabled *{cursor:pointer}#WACContainer.WACContainer button.WAC__button--link:disabled,#WACContainer.WACContainer button.WAC__button--link:disabled *{cursor:not-allowed}#WACContainer.WACContainer button.WAC__button--link:focus span,#WACContainer.WACContainer button.WAC__button--link:hover span{text-decoration:underline}#WACContainer.WACContainer button.WAC__button--link::-moz-focus-inner{border:0;padding:0}@-webkit-keyframes WACFadeIn{0%{opacity:0}to{opacity:1}}@keyframes WACFadeIn{0%{opacity:0}to{opacity:1}}@-webkit-keyframes WACFadeInUp{0%{opacity:0;-webkit-transform:translateY(32px);transform:translateY(32px)}50%{-webkit-transform:translateY(0);transform:translateY(0)}to{opacity:1}}@keyframes WACFadeInUp{0%{opacity:0;-webkit-transform:translateY(32px);transform:translateY(32px)}50%{-webkit-transform:translateY(0);transform:translateY(0)}to{opacity:1}}@-webkit-keyframes WACFadeOut{0%{opacity:1}to{opacity:0}}@keyframes WACFadeOut{0%{opacity:1}to{opacity:0}}@-webkit-keyframes WACSlideInFromRight{0%{left:100%}to{left:0}}@keyframes WACSlideInFromRight{0%{left:100%}to{left:0}}@-webkit-keyframes WACSlideOutToRight{0%{left:0}to{left:100%}}@keyframes WACSlideOutToRight{0%{left:0}to{left:100%}}@-webkit-keyframes WACSlideOutToTop{0%{top:0}to{top:-100%}}@keyframes WACSlideOutToTop{0%{top:0}to{top:-100%}}@-webkit-keyframes WACSlideInFromLeft{0%{right:100%}to{right:0}}@keyframes WACSlideInFromLeft{0%{right:100%}to{right:0}}@-webkit-keyframes WACSlideOutToLeft{0%{right:0}to{right:100%}}@keyframes WACSlideOutToLeft{0%{right:0}to{right:100%}}@-webkit-keyframes WACskeletonLoading{0%{width:0;left:0;right:auto;opacity:.3}20%{width:100%;left:0;right:auto;opacity:1}28%{width:100%;left:auto;right:0}51%{width:0;left:auto;right:0}58%{width:0;left:auto;right:0}82%{width:100%;left:auto;right:0}83%{width:100%;left:0;right:auto}96%{width:0;left:0;right:auto}to{width:0;left:0;right:auto;opacity:.3}}@keyframes WACskeletonLoading{0%{width:0;left:0;right:auto;opacity:.3}20%{width:100%;left:0;right:auto;opacity:1}28%{width:100%;left:auto;right:0}51%{width:0;left:auto;right:0}58%{width:0;left:auto;right:0}82%{width:100%;left:auto;right:0}83%{width:100%;left:0;right:auto}96%{width:0;left:0;right:auto}to{width:0;left:0;right:auto;opacity:.3}}@-webkit-keyframes WACLauncherIn{0%{bottom:calc(var(--WatsonAssistantChat-LAUNCHER-position-bottom) - var(--WatsonAssistantChat-BASE-spacing-05));opacity:0}to{bottom:var(--WatsonAssistantChat-LAUNCHER-position-bottom);opacity:1}}@keyframes WACLauncherIn{0%{bottom:calc(var(--WatsonAssistantChat-LAUNCHER-position-bottom) - var(--WatsonAssistantChat-BASE-spacing-05));opacity:0}to{bottom:var(--WatsonAssistantChat-LAUNCHER-position-bottom);opacity:1}}@-webkit-keyframes WACAnimateHeight{0%{height:var(--WatsonAssistantChat-Animate-Start-Height)}to{height:var(--WatsonAssistantChat-Animate-End-Height)}}@keyframes WACAnimateHeight{0%{height:var(--WatsonAssistantChat-Animate-Start-Height)}to{height:var(--WatsonAssistantChat-Animate-End-Height)}}@-webkit-keyframes WACLogoLoop{0%{background-position:0}to{background-position:100%}}@keyframes WACLogoLoop{0%{background-position:0}to{background-position:100%}}#WACContainer.WACContainer .ibm-web-chat-card,#WACContainer.WACContainer .ibm-web-chat-card-home-screen{background-color:var(--WatsonAssistantChat-CARD-background);border-radius:var(--WatsonAssistantChat-BASE-border-radius-small);box-shadow:var(--WatsonAssistantChat-CARD-box-shadow);border:var(--WatsonAssistantChat-BASE-border-width-med) solid transparent;color:var(--WatsonAssistantChat-CARBON-text-01);display:block;font-size:var(--WatsonAssistantChat-BASE-font-size-med);margin-bottom:var(--WatsonAssistantChat-BASE-spacing-03);padding:var(--WatsonAssistantChat-BASE-spacing-05) var(--WatsonAssistantChat-BASE-spacing-05);position:relative}#WACContainer.WACContainer .ibm-web-chat-card-home-screen{margin:0 var(--WatsonAssistantChat-BASE-spacing-05) var(--WatsonAssistantChat-BASE-spacing-06) var(--WatsonAssistantChat-BASE-spacing-05)}#WACContainer.WACContainer .ibm-web-chat-card-home-screen--transparent{padding:0 var(--WatsonAssistantChat-BASE-spacing-05)}#WACContainer.WACContainer .ibm-web-chat-card-home-screen--accent,#WACContainer.WACContainer .ibm-web-chat-card-home-screen--transparent{display:block;font-size:var(--WatsonAssistantChat-BASE-font-size-med);margin-bottom:var(--WatsonAssistantChat-BASE-spacing-06);position:relative}#WACContainer.WACContainer .ibm-web-chat-card-home-screen--accent{color:var(--WatsonAssistantChat-HOME_SCREEN-color-text);background:var(--WatsonAssistantChat-HOME_SCREEN-background);padding:var(--WatsonAssistantChat-BASE-spacing-05)}#WACContainer.WACContainer .WAC__homeScreen--withStarters .ibm-web-chat-card-home-screen--transparent{color:var(--WatsonAssistantChat-CARBON-text-01)}#WACContainer.WACContainer .ibm-web-chat-card-home-screen__title-outer{margin:0 var(--WatsonAssistantChat-BASE-spacing-05) var(--WatsonAssistantChat-BASE-spacing-03) var(--WatsonAssistantChat-BASE-spacing-05);font-size:14px;line-height:18px;font-weight:600;letter-spacing:.16px}#WACContainer.WACContainer .WAC__homeScreen--withStarters .ibm-web-chat-card-home-screen__title-outer{color:var(--WatsonAssistantChat-CARBON-text-02)}#WACContainer.WACContainer .ibm-web-chat-card-home-screen--accent .ibm-web-chat-card-home-screen__title-inner,#WACContainer.WACContainer .ibm-web-chat-card-home-screen .ibm-web-chat-card-home-screen__title-inner{font-weight:600;margin:0 0 var(--WatsonAssistantChat-BASE-spacing-03) 0}#WACContainer.WACContainer [data-web-chat-uuid-render]{box-sizing:border-box;width:100%;height:100%}#WACContainer.WACContainer [data-web-chat-uuid-render]>div>div[role=log]{overflow:hidden;width:1px;height:1px;position:absolute;left:-10000px}#WACContainer.WACContainer.WACContainer,#WACContainer.WACContainer .WACWidget{width:100%;height:100%}#WACContainer.WACContainer .WAC__LoadingSpinner{position:relative;-webkit-animation-name:WAC__LoadingSpinner-rotate;animation-name:WAC__LoadingSpinner-rotate;-webkit-animation-duration:.69s;animation-duration:.69s;-webkit-animation-timing-function:linear;animation-timing-function:linear;-webkit-animation-fill-mode:forwards;animation-fill-mode:forwards;-webkit-animation-iteration-count:infinite;animation-iteration-count:infinite;fill:transparent;overflow:hidden}#WACContainer.WACContainer .WAC__LoadingSpinner circle{stroke-linecap:butt;stroke-dasharray:120;stroke:var(--WatsonAssistantChat-CARBON-interactive-04);stroke-dashoffset:40}@-webkit-keyframes WAC__LoadingSpinner-rotate{0%{-webkit-transform:rotate(0deg);transform:rotate(0deg)}to{-webkit-transform:rotate(1turn);transform:rotate(1turn)}}@keyframes WAC__LoadingSpinner-rotate{0%{-webkit-transform:rotate(0deg);transform:rotate(0deg)}to{-webkit-transform:rotate(1turn);transform:rotate(1turn)}}#WACContainer.WACContainer .WACWarningIcon{fill:var(--WatsonAssistantChat-CARBON-support-03);vertical-align:middle}#WACContainer.WACContainer .WACWarningIcon [data-icon-path=inner-path]{fill:var(--WatsonAssistantChat-CARBON-text-support-03);opacity:1}#WACContainer.WACContainer .WACErrorIcon{fill:var(--WatsonAssistantChat-CARBON-support-01);vertical-align:middle}#WACContainer.WACContainer .WAC__agentAvatar img{width:100%;height:100%}#WACContainer.WACContainer .WAC__agentAvatar svg{fill:currentColor}#WACContainer.WACContainer .WAC__agentAvatar .WAC__agentAvatar--circle{background-color:transparent;border:var(--WatsonAssistantChat-BASE-border-radius-xsmall) solid;border-radius:50%;font-weight:700}#WACContainer.WACContainer .WAC__agentAvatar .WAC__agentAvatar--circle .WAC__agentAvatar--letter{display:-webkit-box;display:flex;-webkit-box-align:center;align-items:center;-webkit-box-pack:center;justify-content:center;height:100%;text-align:center}#WACContainer.WACContainer .WACModal__backToBotTooltip{position:absolute;width:100%;top:0;font-size:var(--WatsonAssistantChat-BASE-font-size-large)}#WACContainer.WACContainer .WACModal__backToBotTooltipSizer{position:absolute;bottom:0;right:-2px;width:100%;display:-webkit-box;display:flex}#WACContainer.WACContainer[dir=rtl] .WACModal__backToBotTooltipSizer{right:unset;left:-2px}#WACContainer.WACContainer .WACModal__backToBotTooltipPadding{-webkit-box-flex:1;flex:1}#WACContainer.WACContainer .WACModal__backToBotTooltipBubbleContainer{width:130px;display:-webkit-box;display:flex;-webkit-box-pack:center;justify-content:center}#WACContainer.WACContainer .WACModal__backToBotTooltipBubble{color:var(--WatsonAssistantChat-CARBON-text-01);background-color:var(--WatsonAssistantChat-CARBON-ui-03);box-shadow:var(--WatsonAssistantChat-BASE-box-shadow);position:relative}#WACContainer.WACContainer .WACModal__backToBotTooltipArrow{width:20px;height:8px;position:absolute;top:100%;right:40px;-webkit-transform:translateX(-50%);transform:translateX(-50%);overflow:hidden;z-index:100}#WACContainer.WACContainer .WACModal__backToBotTooltipArrow--realigned{right:5px}#WACContainer.WACContainer[dir=rtl] .WACModal__backToBotTooltipArrow{right:unset;left:40px;-webkit-transform:translateX(50%);transform:translateX(50%)}#WACContainer.WACContainer .WACModal__backToBotTooltipArrowPointer{position:absolute;width:8px;height:8px;background-color:var(--WatsonAssistantChat-CARBON-ui-03);-webkit-transform:translateX(-50%) translateY(-50%) rotate(45deg);transform:translateX(-50%) translateY(-50%) rotate(45deg);top:0;left:50%;box-shadow:var(--WatsonAssistantChat-BASE-box-shadow)}#WACContainer.WACContainer .WACModal__backToBotTooltipText{text-align:center;padding:var(--WatsonAssistantChat-BASE-spacing-03) var(--WatsonAssistantChat-BASE-spacing-05)}@media screen and (max-width:500px){#WACContainer.WACContainer .WACModal__backToBotTooltipSizer{top:44px;bottom:unset;right:12px}#WACContainer.WACContainer[dir=rtl] .WACModal__backToBotTooltipSizer{right:unset;left:12px}#WACContainer.WACContainer .WACModal__backToBotTooltipBubbleContainer{width:142px}#WACContainer.WACContainer .WACModal__backToBotTooltipArrow{top:36px}#WACContainer.WACContainer .WACModal__backToBotTooltipArrowPointer{top:100%}}#WACContainer.WACContainer .WAC__agentBanner{border-left:3px solid var(--WatsonAssistantChat-CARBON-support-04);color:var(--WatsonAssistantChat-CARBON-inverse-01);background-color:var(--WatsonAssistantChat-CARBON-inverse-02);display:-webkit-box;display:flex;font-size:var(--WatsonAssistantChat-BASE-font-size-med);line-height:var(--WatsonAssistantChat-BASE-line-height-med)}#WACContainer.WACContainer[dir=rtl] .WAC__agentBanner{border-left:unset;border-right:3px solid var(--WatsonAssistantChat-CARBON-support-04)}#WACContainer.WACContainer .WAC__agentBanner-text{padding:12px 8px 12px 13px;-webkit-box-flex:1;flex:1}#WACContainer.WACContainer[dir=rtl] .WAC__agentBanner-text{padding:12px 13px 12px 8px}#WACContainer.WACContainer .WAC__agentBanner-buttonContainer{display:-webkit-box;display:flex}#WACContainer.WACContainer .WAC__agentBanner button.WAC__agentBanner-button{padding:0 14px;color:var(--WatsonAssistantChat-CARBON-inverse-link)}#WACContainer.WACContainer .WAC__agentBanner button.WAC__agentBanner-button:focus{border-color:transparent;outline:2px solid var(--WatsonAssistantChat-CARBON-inverse-focus-ui);outline-offset:-4px}#WACContainer.WACContainer .WAC__agentBanner button.WAC__agentBanner-button:active,#WACContainer.WACContainer .WAC__agentBanner button.WAC__agentBanner-button:hover{background-color:var(--WatsonAssistantChat-CARBON-inverse-hover-ui)}#WACContainer.WACContainer .WAC__agentMessageBanner{-webkit-box-align:center;align-items:center}#WACContainer.WACContainer .WAC__agentMessageBanner .WAC__agentBanner-text{padding:12px 16px 12px 8px}#WACContainer.WACContainer[dir=rtl] .WAC__agentMessageBanner .WAC__agentBanner-text{padding:12px 8px 12px 16px}#WACContainer.WACContainer .WAC__agentMessageBanner .WAC__agentMessageBanner-textButton{color:var(--WatsonAssistantChat-CARBON-inverse-01);width:100%}#WACContainer.WACContainer .WAC__agentMessageBanner .WAC__agentBanner-textInner{width:100%;height:18px}#WACContainer.WACContainer .WAC__agentMessageBanner .WAC__agentBanner-textInner span{overflow:hidden;text-overflow:ellipsis;word-wrap:break-word;white-space:nowrap;display:inline-block;max-width:100%}#WACContainer.WACContainer .WAC__agentMessageBanner .WAC__agentAvatar{width:24px;height:24px;margin-left:13px}#WACContainer.WACContainer[dir=rtl] .WAC__agentMessageBanner .WAC__agentAvatar{margin-left:unset;margin-right:13px}#WACContainer.WACContainer .WAC__agentMessageBanner .WAC__agentAvatar img{border-radius:24px}#WACContainer.WACContainer .WACAlternateSuggestionsContainer button.WACAlternateSuggestionsButton{color:var(--WatsonAssistantChat-CARBON-text-04);width:32px;height:32px;border-radius:16px;padding:0;display:-webkit-box;display:flex;-webkit-box-pack:center;justify-content:center}#WACContainer.WACContainer .WACAlternateSuggestionsContainer button.WACAlternateSuggestionsButton:focus{box-shadow:inset 0 0 0 2px var(--WatsonAssistantChat-CARBON-ui-02)}#WACContainer.WACContainer .WACAlternateSuggestionsContainer .WACAlternateSuggestionsButton span{display:-webkit-box;display:flex;position:relative;width:16px;height:16px}#WACContainer.WACContainer .WACAlternateSuggestionsContainer button.WACAlternateSuggestionsButton svg{position:absolute;top:0;width:16px;height:16px}#WACContainer.WACContainer .WACAlternateSuggestionsContainer .WACAlternateSuggestionsButton--closed .WACAlternateSuggestionsButton__XButton,#WACContainer.WACContainer .WACAlternateSuggestionsContainer .WACAlternateSuggestionsButton--open .WACAlternateSuggestionsButton__Lightning{display:none}#WACContainer.WACContainer .WACAlternateSuggestionsContainer .WACAlternateSuggestionsButton--animate-strike .WACAlternateSuggestionsButton__Lightning{animation:WACFadeIn 333ms cubic-bezier(0,0,.3,1) 0s 6 alternate-reverse}#WACContainer.WACContainer .WACAlternateSuggestionsContainer .WACAlternateSuggestionsButton--animate-open .WACAlternateSuggestionsButton__Lightning{display:block;opacity:0;animation:WACFadeIn 333ms cubic-bezier(0,0,.3,1) 0s 1 reverse}#WACContainer.WACContainer .WACAlternateSuggestionsContainer .WACAlternateSuggestionsButton--animate-close .WACAlternateSuggestionsButton__Lightning,#WACContainer.WACContainer .WACAlternateSuggestionsContainer .WACAlternateSuggestionsButton--animate-open .WACAlternateSuggestionsButton__XButton{display:block;opacity:0;-webkit-animation:WACFadeIn 333ms cubic-bezier(0,0,.3,1) 333ms 1;animation:WACFadeIn 333ms cubic-bezier(0,0,.3,1) 333ms 1}#WACContainer.WACContainer .WACAlternateSuggestionsContainer .WACAlternateSuggestionsButton--animate-close .WACAlternateSuggestionsButton__XButton{display:block;opacity:0;animation:WACFadeIn 333ms cubic-bezier(0,0,.3,1) 0s 1 reverse}#WACContainer.WACContainer .WACAlternateSuggestionsContainer .WACAlternateSuggestionsButton--animate-open-strike .WACAlternateSuggestionsButton__Lightning{display:block;opacity:0;animation:WACFadeIn 333ms cubic-bezier(0,0,.3,1) 0s 5 alternate-reverse}#WACContainer.WACContainer .WACAlternateSuggestionsContainer .WACAlternateSuggestionsButton--animate-open-strike .WACAlternateSuggestionsButton__XButton{display:block;opacity:0;-webkit-animation:WACFadeIn 333ms cubic-bezier(0,0,.3,1) 1665ms;animation:WACFadeIn 333ms cubic-bezier(0,0,.3,1) 1665ms}#WACContainer.WACContainer .WACAlternateSuggestionsContainer{overflow:hidden;position:relative;background-color:var(--WatsonAssistantChat-CARBON-ui-01);border-top:var(--WatsonAssistantChat-BASE-border-width-small) solid var(--WatsonAssistantChat-CARBON-ui-03)}#WACContainer.WACContainer .WACAlternateSuggestionsContainer__Padding{padding-top:20px;min-height:64px}#WACContainer.WACContainer .WACAlternateSuggestionsContainer--open .WACAlternateSuggestionsContainer__Panel,#WACContainer.WACContainer .WACAlternateSuggestionsContainer--showButton .WACAlternateSuggestionsContainer__Button,#WACContainer.WACContainer .WACAlternateSuggestionsContainer--showButton .WACAlternateSuggestionsContainer__Padding{display:block}#WACContainer.WACContainer .WACAlternateSuggestionsContainer--closed .WACAlternateSuggestionsContainer__Panel,#WACContainer.WACContainer .WACAlternateSuggestionsContainer--hideButton .WACAlternateSuggestionsContainer__Button,#WACContainer.WACContainer .WACAlternateSuggestionsContainer--hideButton .WACAlternateSuggestionsContainer__Padding{display:none}#WACContainer.WACContainer .WACAlternateSuggestionsContainer--animate .WACAlternateSuggestionsContainer__Padding,#WACContainer.WACContainer .WACAlternateSuggestionsContainer__Button.WACAlternateSuggestionsContainer__Button--animate-in,#WACContainer.WACContainer .WACAlternateSuggestionsContainer__Button.WACAlternateSuggestionsContainer__Button--animate-out{display:block}#WACContainer.WACContainer .WACAlternateSuggestionsContainer__Button{width:100%;height:48px;padding:0 var(--WatsonAssistantChat-BASE-spacing-05);position:absolute;bottom:0}#WACContainer.WACContainer .WACAlternateSuggestionsContainer__Button--animate-in{-webkit-animation:WACAnimAlternateSuggestionsContainer__Button--slide-in 388ms cubic-bezier(0,0,.3,1),WACAnimAlternateSuggestionsContainer__Button--bounce-in 383ms cubic-bezier(0,0,.3,1) 388ms;animation:WACAnimAlternateSuggestionsContainer__Button--slide-in 388ms cubic-bezier(0,0,.3,1),WACAnimAlternateSuggestionsContainer__Button--bounce-in 383ms cubic-bezier(0,0,.3,1) 388ms;-webkit-animation-fill-mode:backwards,forwards;animation-fill-mode:backwards,forwards}#WACContainer.WACContainer .WACAlternateSuggestionsContainer__Button--animate-out{-webkit-animation:WACAnimAlternateSuggestionsContainer__Button--slide-out 333ms cubic-bezier(0,0,.3,1);animation:WACAnimAlternateSuggestionsContainer__Button--slide-out 333ms cubic-bezier(0,0,.3,1);-webkit-animation-fill-mode:both;animation-fill-mode:both}#WACContainer.WACContainer .WACAlternateSuggestionsContainer--animate{-webkit-animation:WACAnimateHeight 333ms cubic-bezier(0,0,.3,1);animation:WACAnimateHeight 333ms cubic-bezier(0,0,.3,1);-webkit-animation-fill-mode:both;animation-fill-mode:both}@-webkit-keyframes WACAnimAlternateSuggestionsContainer__Button--slide-in{0%{bottom:-48px}to{bottom:6px}}@keyframes WACAnimAlternateSuggestionsContainer__Button--slide-in{0%{bottom:-48px}to{bottom:6px}}@-webkit-keyframes WACAnimAlternateSuggestionsContainer__Button--slide-out{0%{bottom:0}to{bottom:-48px}}@keyframes WACAnimAlternateSuggestionsContainer__Button--slide-out{0%{bottom:0}to{bottom:-48px}}@-webkit-keyframes WACAnimAlternateSuggestionsContainer__Button--bounce-in{0%{bottom:6px}to{bottom:0}}@keyframes WACAnimAlternateSuggestionsContainer__Button--bounce-in{0%{bottom:6px}to{bottom:0}}#WACContainer.WACContainer .WAC__AlternateSuggestionsOptionsPanel{-webkit-box-flex:1;flex:1;width:100%;overflow:hidden;padding:0 16px 64px}#WACContainer.WACContainer .WAC__AlternateSuggestionsOptionsPanel .WAC__button-holder{margin-top:0}#WACContainer.WACContainer .WAC__AlternateSuggestionsOptionsPanel .WAC__button-holder ul li{position:relative;display:block}#WACContainer.WACContainer .WAC__AlternateSuggestionsOptionsPanel .WAC__button-holder ul li:first-child button{margin-top:0}#WACContainer.WACContainer .WAC__AlternateSuggestionsOptionsPanel ul li .WAC__button--base{max-width:100%;display:inline-block}#WACContainer.WACContainer .WAC__AlternateSuggestionsOptionsPanel--animate-in li{counter-set:alternate-suggestions-counter;top:32px;-webkit-transform-origin:left;transform-origin:left;-webkit-animation:WACAnimAlternateSuggestionsOptionsPanel 334ms cubic-bezier(0,0,.3,1);animation:WACAnimAlternateSuggestionsOptionsPanel 334ms cubic-bezier(0,0,.3,1);-webkit-animation-fill-mode:both;animation-fill-mode:both;-webkit-animation-delay:calc(var(--WatsonAssistantChat-AlternateSuggestionsOptionsPanel-index)*84ms + .25s);animation-delay:calc(var(--WatsonAssistantChat-AlternateSuggestionsOptionsPanel-index)*84ms + .25s);--WatsonAssistantChat-Animate-Start-Position:32px;--WatsonAssistantChat-Animate-End-Position:0}#WACContainer.WACContainer[dir=rtl] .WAC__AlternateSuggestionsOptionsPanel--animate-in li{-webkit-transform-origin:right;transform-origin:right}#WACContainer.WACContainer .WAC__AlternateSuggestionsOptionsPanel--animate-in li:first-child{--WatsonAssistantChat-AlternateSuggestionsOptionsPanel-index:0}#WACContainer.WACContainer .WAC__AlternateSuggestionsOptionsPanel--animate-in li:nth-child(2){--WatsonAssistantChat-AlternateSuggestionsOptionsPanel-index:1}#WACContainer.WACContainer .WAC__AlternateSuggestionsOptionsPanel--animate-in li:nth-child(3){--WatsonAssistantChat-AlternateSuggestionsOptionsPanel-index:2}#WACContainer.WACContainer .WAC__AlternateSuggestionsOptionsPanel--animate-in li:nth-child(4){--WatsonAssistantChat-AlternateSuggestionsOptionsPanel-index:3}#WACContainer.WACContainer .WAC__AlternateSuggestionsOptionsPanel--animate-in li:nth-child(5){--WatsonAssistantChat-AlternateSuggestionsOptionsPanel-index:4}#WACContainer.WACContainer .WAC__AlternateSuggestionsOptionsPanel--animate-out li{opacity:0}@-webkit-keyframes WACAnimAlternateSuggestionsOptionsPanel{0%{top:var(--WatsonAssistantChat-Animate-Start-Position);opacity:0;-webkit-transform:scale(.5);transform:scale(.5)}to{top:var(--WatsonAssistantChat-Animate-End-Position);opacity:1;-webkit-transform:scale(1);transform:scale(1)}}@keyframes WACAnimAlternateSuggestionsOptionsPanel{0%{top:var(--WatsonAssistantChat-Animate-Start-Position);opacity:0;-webkit-transform:scale(.5);transform:scale(.5)}to{top:var(--WatsonAssistantChat-Animate-End-Position);opacity:1;-webkit-transform:scale(1);transform:scale(1)}}#WACContainer.WACContainer .WACBotContainer .WAC__inputContainer{border-top:none}#WACContainer.WACContainer .WAC__inputContainer{background-color:var(--WatsonAssistantChat-CARBON-ui-01);border-top:var(--WatsonAssistantChat-BASE-border-width-small) solid var(--WatsonAssistantChat-CARBON-ui-03);color:var(--WatsonAssistantChat-CARBON-text-01);min-height:0;position:relative;width:100%}#WACContainer.WACContainer .WAC__inputLabel{display:none}#WACContainer.WACContainer .WAC__inputContainer .WAC__inputContainer-TextAreaContainer{display:-webkit-box;display:flex}#WACContainer.WACContainer .WAC__inputContainer .WAC__TextArea{-webkit-box-flex:1;flex:1;font-size:var(--WatsonAssistantChat-BASE-font-size-med);line-height:var(--WatsonAssistantChat-BASE-line-height-med);min-height:0;overflow-y:auto}#WACContainer.WACContainer .WAC__inputContainer .WAC__TextArea textarea.WAC__TextArea-textarea{background:transparent;resize:none}#WACContainer.WACContainer .WAC__inputContainer .WAC__TextArea .WAC__TextArea-sizer,#WACContainer.WACContainer .WAC__inputContainer .WAC__TextArea .WAC__TextArea-textarea{padding:var(--WatsonAssistantChat-BASE-spacing-04) var(--WatsonAssistantChat-BASE-spacing-05)}#WACContainer.WACContainer .WAC__inputContainer .WAC__TextArea .WAC__TextArea-textarea::-webkit-input-placeholder{color:var(--WatsonAssistantChat-CARBON-text-03);font-family:inherit;font-size:var(--WatsonAssistantChat-BASE-font-size-med);line-height:var(--WatsonAssistantChat-BASE-line-height-med)}#WACContainer.WACContainer .WAC__inputContainer .WAC__TextArea .WAC__TextArea-textarea::-moz-placeholder{color:var(--WatsonAssistantChat-CARBON-text-03);font-family:inherit;font-size:var(--WatsonAssistantChat-BASE-font-size-med);line-height:var(--WatsonAssistantChat-BASE-line-height-med)}#WACContainer.WACContainer .WAC__inputContainer .WAC__TextArea .WAC__TextArea-textarea:-ms-input-placeholder{color:var(--WatsonAssistantChat-CARBON-text-03);font-family:inherit;font-size:var(--WatsonAssistantChat-BASE-font-size-med);line-height:var(--WatsonAssistantChat-BASE-line-height-med)}#WACContainer.WACContainer .WAC__inputContainer .WAC__TextArea .WAC__TextArea-textarea::-ms-input-placeholder{color:var(--WatsonAssistantChat-CARBON-text-03);font-family:inherit;font-size:var(--WatsonAssistantChat-BASE-font-size-med);line-height:var(--WatsonAssistantChat-BASE-line-height-med)}#WACContainer.WACContainer .WAC__inputContainer .WAC__TextArea .WAC__TextArea-textarea::placeholder{color:var(--WatsonAssistantChat-CARBON-text-03);font-family:inherit;font-size:var(--WatsonAssistantChat-BASE-font-size-med);line-height:var(--WatsonAssistantChat-BASE-line-height-med)}#WACContainer.WACContainer button.WAC__send-button svg{cursor:inherit;width:24px;height:24px}#WACContainer.WACContainer button.WAC__send-button.WAC__button--base.WAC__button--primary:disabled{color:var(--WatsonAssistantChat-CARBON-text-03);background:var(--WatsonAssistantChat-CARBON-ui-01)}#WACContainer.WACContainer button.WAC__button--base.WAC__send-button{min-height:46px;width:46px;display:-webkit-box;display:flex;padding:0;-webkit-box-pack:center;justify-content:center}#WACContainer.WACContainer[dir=rtl] .WAC__send-button svg{-webkit-transform:scaleX(-1);transform:scaleX(-1)}#WACContainer.WACContainer .WAC__send-button:enabled{-webkit-animation:WatsonAssistantChat_SendButtonFadeIn var(---WatsonAssistantChat-CARBON-duration--fast-02) var(--WatsonAssistantChat-CARBON-easing-standard-productive);animation:WatsonAssistantChat_SendButtonFadeIn var(---WatsonAssistantChat-CARBON-duration--fast-02) var(--WatsonAssistantChat-CARBON-easing-standard-productive)}#WACContainer.WACContainer .WAC__send-button:disabled.fade-out{-webkit-animation:WatsonAssistantChat_SendButtonFadeOut var(--WatsonAssistantChat-CARBON-duration--fast-02) var(--WatsonAssistantChat-CARBON-easing-standard-productive);animation:WatsonAssistantChat_SendButtonFadeOut var(--WatsonAssistantChat-CARBON-duration--fast-02) var(--WatsonAssistantChat-CARBON-easing-standard-productive)}@-webkit-keyframes WatsonAssistantChat_SendButtonFadeIn{0%{color:var(--WatsonAssistantChat-CARBON-text-03);background:var(--WatsonAssistantChat-CARBON-ui-01);border-color:var(--WatsonAssistantChat-CARBON-ui-01)}to{color:var(--WatsonAssistantChat-ACCENT-color-text);background:var(--WatsonAssistantChat-CARBON-interactive-01);border-color:transparent}}@keyframes WatsonAssistantChat_SendButtonFadeIn{0%{color:var(--WatsonAssistantChat-CARBON-text-03);background:var(--WatsonAssistantChat-CARBON-ui-01);border-color:var(--WatsonAssistantChat-CARBON-ui-01)}to{color:var(--WatsonAssistantChat-ACCENT-color-text);background:var(--WatsonAssistantChat-CARBON-interactive-01);border-color:transparent}}@-webkit-keyframes WatsonAssistantChat_SendButtonFadeOut{0%{color:var(--WatsonAssistantChat-ACCENT-color-text);background:var(--WatsonAssistantChat-CARBON-interactive-01);border-color:transparent}to{color:var(--WatsonAssistantChat-CARBON-text-03);background:var(--WatsonAssistantChat-CARBON-ui-01);border-color:var(--WatsonAssistantChat-CARBON-ui-01)}}@keyframes WatsonAssistantChat_SendButtonFadeOut{0%{color:var(--WatsonAssistantChat-ACCENT-color-text);background:var(--WatsonAssistantChat-CARBON-interactive-01);border-color:transparent}to{color:var(--WatsonAssistantChat-CARBON-text-03);background:var(--WatsonAssistantChat-CARBON-ui-01);border-color:var(--WatsonAssistantChat-CARBON-ui-01)}}#WACContainer.WACContainer .WAC__messagesAndInputContainer,#WACContainer.WACContainer .WACMessagesContainer__NonInputContainer{position:relative;display:-webkit-box;display:flex;-webkit-box-orient:vertical;-webkit-box-direction:normal;flex-direction:column;-webkit-box-flex:1;flex:1}#WACContainer.WACContainer .WACAgentContainer .WAC{background-color:var(--WatsonAssistantChat-CARBON-ui-01)}#WACContainer.WACContainer .WAC__process-wizard-done-button{-webkit-box-pack:center;justify-content:center}#WACContainer.WACContainer .WAC__MessagesErrorHandler{padding:var(--WatsonAssistantChat-BASE-spacing-05)}#WACContainer.WACContainer .WAC__button--reset{margin:var(--WatsonAssistantChat-BASE-spacing-05) auto;height:96px;width:96px}#WACContainer.WACContainer .WAC__button--resetSVG{height:96px;width:96px}#WACContainer.WACContainer .WACConfirmModal{position:absolute;display:-webkit-box;display:flex;-webkit-box-orient:vertical;-webkit-box-direction:normal;flex-direction:column;-webkit-box-pack:center;justify-content:center;top:0;width:100%;height:100%;background-color:var(--WatsonAssistantChat-CARBON-overlay-01);font-size:var(--WatsonAssistantChat-BASE-font-size-med);line-height:var(--WatsonAssistantChat-BASE-line-height-med);z-index:100}#WACContainer.WACContainer .WACConfirmModal .WACConfirmModal__container{background-color:var(--WatsonAssistantChat-CARBON-ui-background);margin:var(--WatsonAssistantChat-BASE-spacing-09)}#WACContainer.WACContainer .WACConfirmModal .WACConfirmModal__title{font-size:var(--WatsonAssistantChat-BASE-font-size-xlarge);padding:var(--WatsonAssistantChat-BASE-spacing-05)}#WACContainer.WACContainer .WACConfirmModal .WACConfirmModal__message{padding:var(--WatsonAssistantChat-BASE-spacing-05)}#WACContainer.WACContainer .WACConfirmModal .WACConfirmModal__buttonContainer{border-top:1px solid var(--WatsonAssistantChat-CARBON-ui-03);display:-webkit-box;display:flex}#WACContainer.WACContainer .WACConfirmModal .WACConfirmModal__buttonContainer *{-webkit-box-flex:1;flex:1}#WACContainer.WACContainer .WACConfirmModal button{height:64px;padding-top:16px;padding-bottom:32px}#WACContainer.WACContainer .WAC__connectToAgentHolder{border-radius:var(--WatsonAssistantChat-BASE-border-radius-small);box-shadow:var(--WatsonAssistantChat-CARD-box-shadow)}#WACContainer.WACContainer .WAC__connectToAgent--textHolder{background:var(--WatsonAssistantChat-CARD-background);border-radius:var(--WatsonAssistantChat-BASE-border-radius-small);font-size:var(--WatsonAssistantChat-BASE-font-size-med);line-height:var(--WatsonAssistantChat-BASE-line-height-med);padding:var(--WatsonAssistantChat-BASE-spacing-05)}#WACContainer.WACContainer .WAC__connectToAgent--title{display:-webkit-box;display:flex;-webkit-box-align:center;align-items:center;font-weight:var(--WatsonAssistantChat-BASE-weight-semibold);padding:0 0 2px}#WACContainer.WACContainer .WAC__connectToAgent--title span{padding-left:var(--WatsonAssistantChat-BASE-spacing-03)}#WACContainer.WACContainer[dir=rtl] .WAC__connectToAgent--title span{padding-left:unset;padding-right:var(--WatsonAssistantChat-BASE-spacing-03)}#WACContainer.WACContainer .WAC__connectToAgent--title svg{fill:currentColor;width:20px;height:20px;overflow:hidden}#WACContainer.WACContainer[dir=rtl] .WAC__connectToAgent--title svg{-webkit-transform:scaleX(-1);transform:scaleX(-1)}#WACContainer.WACContainer .WAC__connectToAgent--title svg g{fill:currentColor}#WACContainer.WACContainer .WAC__connectToAgent--description{padding:0 0 60px;color:var(--WatsonAssistantChat-CARBON-text-02)}#WACContainer.WACContainer button.WAC__connectToAgent--link{display:-webkit-box;display:flex;-webkit-box-align:center;align-items:center;color:var(--WatsonAssistantChat-CARBON-link-01);background:none;outline:none;padding:0;margin:0;border:none;box-shadow:none;font-family:inherit;font-size:var(--WatsonAssistantChat-BASE-font-size-med)}#WACContainer.WACContainer button.WAC__connectToAgent--link:disabled,#WACContainer.WACContainer button.WAC__connectToAgent--link:disabled>*{cursor:not-allowed}#WACContainer.WACContainer button.WAC__connectToAgent--link:enabled,#WACContainer.WACContainer button.WAC__connectToAgent--link:enabled>*{cursor:pointer}#WACContainer.WACContainer button.WAC__connectToAgent--link::-moz-focus-inner{border:none}#WACContainer.WACContainer button.WAC__connectToAgent--link:active{background:none}#WACContainer.WACContainer button.WAC__connectToAgent--link:disabled{opacity:.5}#WACContainer.WACContainer button.WAC__connectToAgent--link svg{fill:currentColor;padding-left:var(--WatsonAssistantChat-BASE-spacing-03);width:26px;height:18px}#WACContainer.WACContainer[dir=rtl] button.WAC__connectToAgent--link svg{padding-left:unset;-webkit-transform:scaleX(-1);transform:scaleX(-1)}#WACContainer.WACContainer button.WAC__connectToAgent--link svg g{fill:currentColor}#WACContainer.WACContainer button.WAC__connectToAgent--link:enabled:focus .WAC__connectToAgent--link-text,#WACContainer.WACContainer button.WAC__connectToAgent--link:enabled:hover .WAC__connectToAgent--link-text{text-decoration:underline}#WACContainer.WACContainer .WAC__message-customResponse{max-width:100%}#WACContainer.WACContainer .WAC__date{text-align:center;font-size:var(--WatsonAssistantChat-BASE-font-size-small);font-weight:var(--WatsonAssistantChat-BASE-weight-semibold);margin:2em 0}#WACContainer.WACContainer .WAC__description{font-size:var(--WatsonAssistantChat-BASE-font-size-med);line-height:var(--WatsonAssistantChat-BASE-line-height-med)}#WACContainer.WACContainer[dir=rtl] .WAC__disclaimer-description,#WACContainer.WACContainer[dir=rtl] .WAC__disclaimer-title{text-align:right}#WACContainer.WACContainer .WACDisclaimerContainer{height:100%}#WACContainer.WACContainer .WAC__disclaimer,#WACContainer.WACContainer .WACDisclaimerContainer{display:-webkit-box;display:flex;flex-basis:100%;-webkit-box-orient:vertical;-webkit-box-direction:normal;flex-direction:column;-webkit-box-pack:justify;justify-content:space-between}#WACContainer.WACContainer .WAC__disclaimer{color:var(--WatsonAssistantChat-DISCLAIMER-color-text);background:var(--WatsonAssistantChat-DISCLAIMER-background)}#WACContainer.WACContainer .WAC__disclaimer .WAC__headerContainer{border-bottom:none}#WACContainer.WACContainer .WAC__disclaimer .WAC__header-name{-webkit-box-flex:1;flex:1}#WACContainer.WACContainer .WAC__disclaimer .WAC__header{color:var(--WatsonAssistantChat-DISCLAIMER-color-text);background:var(--WatsonAssistantChat-DISCLAIMER-background)}#WACContainer.WACContainer .WAC__disclaimer .WAC__header .WAC__headerButtons button.WAC__button--ghost{color:currentColor}#WACContainer.WACContainer .WAC__disclaimer .WAC__header .WAC__headerButtons button.WAC__button--ghost:enabled:hover{background-color:var(--WatsonAssistantChat-DISCLAIMER-color-hover)}#WACContainer.WACContainer .WAC__disclaimer .WAC__header .WAC__headerButtons button.WAC__button--ghost:enabled:focus{border-color:var(--WatsonAssistantChat-DISCLAIMER-color-focus)}#WACContainer.WACContainer .WAC__disclaimer .WAC__header .WAC__headerButtons button.WAC__button--ghost:enabled:active{background-color:var(--WatsonAssistantChat-DISCLAIMER-color-active)}#WACContainer.WACContainer .WAC__disclaimer-citizen_icon_holder{position:relative;padding-top:86px}#WACContainer.WACContainer .WAC__disclaimer-citizen_icon{-webkit-animation-name:WACLogoLoop;animation-name:WACLogoLoop;-webkit-animation-duration:1.8333s;animation-duration:1.8333s;-webkit-animation-timing-function:steps(54);animation-timing-function:steps(54);-webkit-animation-iteration-count:infinite;animation-iteration-count:infinite;background-size:5500%,100%;background-position:0;background-repeat:no-repeat;height:70px;left:0;position:absolute;top:0;-webkit-transition:top .3s,left .3s,width .3s,height .3s;transition:top .3s,left .3s,width .3s,height .3s;width:70px}#WACContainer.WACContainer[dir=rtl] .WAC__disclaimer-citizen_icon{left:unset;right:0}#WACContainer.WACContainer .WAC__disclaimer-content{-webkit-box-flex:1;flex-grow:1;padding:0 var(--WatsonAssistantChat-BASE-spacing-05) 0 var(--WatsonAssistantChat-BASE-spacing-05);overflow:hidden;display:-webkit-box;display:flex;-webkit-box-orient:vertical;-webkit-box-direction:normal;flex-direction:column}#WACContainer.WACContainer .WAC__disclaimer-title{font-weight:300;display:block;width:100%;flex-shrink:0}#WACContainer.WACContainer .WAC__disclaimer-description{font-weight:400;line-height:24px;flex-shrink:1;overflow-y:auto;overflow-x:hidden}#WACContainer.WACContainer .WAC__disclaimer-buttons{flex-shrink:0;padding:var(--WatsonAssistantChat-BASE-spacing-07) var(--WatsonAssistantChat-BASE-spacing-05) var(--WatsonAssistantChat-BASE-spacing-07) var(--WatsonAssistantChat-BASE-spacing-05)}#WACContainer.WACContainer .WAC__disclaimer-buttons button:first-child{margin-right:var(--WatsonAssistantChat-BASE-spacing-05)}#WACContainer.WACContainer[dir=rtl] .WAC__disclaimer-buttons button:first-child{margin-right:0;margin-left:var(--WatsonAssistantChat-BASE-spacing-05)}#WACContainer.WACContainer .WAC__disclaimer-buttons button.WAC__button--round{display:inline-block;font-size:14px;line-height:18px;color:var(--WatsonAssistantChat-DISCLAIMER-color-text);background:var(--WatsonAssistantChat-DISCLAIMER-background-button);padding:var(--WatsonAssistantChat-BASE-spacing-02) var(--WatsonAssistantChat-BASE-spacing-03);border:2px solid transparent}#WACContainer.WACContainer .WAC__disclaimer-buttons button.WAC__button--round:enabled:active,#WACContainer.WACContainer .WAC__disclaimer-buttons button.WAC__button--round:enabled:focus,#WACContainer.WACContainer .WAC__disclaimer-buttons button.WAC__button--round:enabled:hover{border-color:var(--WatsonAssistantChat-DISCLAIMER-color-focus)}#WACContainer.WACContainer .WAC__disclaimer-buttons button.WAC__button--round:enabled:hover{background-color:var(--WatsonAssistantChat-DISCLAIMER-color-hover)}#WACContainer.WACContainer .WAC__disclaimer-buttons button.WAC__button--round:enabled:active{background-color:var(--WatsonAssistantChat-DISCLAIMER-color-active)}#WACContainer.WACContainer .WAC__errors{word-break:break-all}#WACContainer.WACContainer .WAC__headerContainer{border-bottom:1px solid var(--WatsonAssistantChat-CARBON-ui-03);color:var(--WatsonAssistantChat-PRIMARY-color-text);background:var(--WatsonAssistantChat-PRIMARY-color);-webkit-box-flex:0;flex-grow:0;flex-shrink:0}#WACContainer.WACContainer .WAC__header .WAC__headerButtons button.WAC__button--ghost{color:currentColor}#WACContainer.WACContainer .WAC__header .WAC__headerButtons button.WAC__button--ghost:enabled:hover{background-color:var(--WatsonAssistantChat-PRIMARY-color-hover)}#WACContainer.WACContainer .WAC__header .WAC__headerButtons button.WAC__button--ghost:enabled:focus{border-color:var(--WatsonAssistantChat-PRIMARY-color-focus)}#WACContainer.WACContainer .WAC__header .WAC__headerButtons button.WAC__button--ghost:enabled:active{background-color:var(--WatsonAssistantChat-PRIMARY-color-active)}#WACContainer.WACContainer .WAC__header,#WACContainer.WACContainer .WAC__header--padded{font-size:var(--WatsonAssistantChat-BASE-font-size-large);line-height:var(--WatsonAssistantChat-BASE-line-height-large);font-weight:var(--WatsonAssistantChat-BASE-weight-semibold);-webkit-box-align:center;align-items:center;display:-webkit-box;display:flex}#WACContainer.WACContainer .WAC__header--padded{padding-left:var(--WatsonAssistantChat-BASE-spacing-05)}#WACContainer.WACContainer[dir=rtl] .WAC__header--padded{padding-left:unset;padding-right:var(--WatsonAssistantChat-BASE-spacing-05)}#WACContainer.WACContainer .WAC__header-avatar{border-radius:50%;height:32px;margin-right:var(--WatsonAssistantChat-BASE-spacing-03);width:32px}#WACContainer.WACContainer[dir=rtl] .WAC__header-avatar{margin-left:var(--WatsonAssistantChat-BASE-spacing-03);margin-right:unset}#WACContainer.WACContainer .WAC__header-name{font-family:var(--WatsonAssistantChat-BASE-header-font-family);min-height:48px;text-align:left;padding:12px 12px 12px 0}#WACContainer.WACContainer[dir=rtl] .WAC__header-name{text-align:right;padding:12px 0 12px 12px}#WACContainer.WACContainer .WACBotContainer .WAC__header-name,#WACContainer.WACContainer .WACProcessContainer .WAC__header-name{-webkit-box-flex:1;flex:1;opacity:1;-webkit-transition:opacity var(--WatsonAssistantChat-CARBON-duration--moderate-02) var(--WatsonAssistantChat-CARBON-easing-entrance-productive) both;transition:opacity var(--WatsonAssistantChat-CARBON-duration--moderate-02) var(--WatsonAssistantChat-CARBON-easing-entrance-productive) both}#WACContainer.WACContainer .WAC__header .WAC__headerButtons{display:-webkit-box;display:flex;-webkit-box-align:center;align-items:center;padding-right:6px}#WACContainer.WACContainer[dir=rtl] .WAC__header .WAC__headerButtons{padding-right:unset;padding-left:6px}#WACContainer.WACContainer .WACProcessContainer .WAC__header,#WACContainer.WACContainer .WACProcessContainer .WAC__header--padded{background:var(--WatsonAssistantChat-PRIMARY-color)}#WACContainer.WACContainer .WACProcessContainer .WAC__header-name{color:var(--WatsonAssistantChat-PRIMARY-color-text)}#WACContainer.WACContainer .WACAgentContainer .WAC__header,#WACContainer.WACContainer .WACAgentContainer .WAC__header--padded{background:var(--WatsonAssistantChat-PRIMARY-color)}#WACContainer.WACContainer .WACAgentContainer .WAC__header-name{color:var(--WatsonAssistantChat-PRIMARY-color-text)}#WACContainer.WACContainer .WAC__headerButtonContainer{position:relative;width:32px;height:32px;margin-left:2px;margin-right:2px}#WACContainer.WACContainer button.WAC__headerButton{position:relative;display:-webkit-box;display:flex;-webkit-box-align:center;align-items:center;-webkit-box-pack:center;justify-content:center;width:100%;height:100%;padding:0}#WACContainer.WACContainer .WAC__headerButton svg{cursor:pointer;fill:currentColor;height:20px;width:20px}#WACContainer.WACContainer[dir=rtl] .WAC__headerButton svg{-webkit-transform:scaleX(-1);transform:scaleX(-1)}#WACContainer.WACContainer .WAC__headerButtonContainer .WAC__countIndicator,#WACContainer.WACContainer .WACLauncher__Button .WAC__countIndicator{position:absolute;display:-webkit-box;display:flex;-webkit-box-pack:center;justify-content:center;-webkit-box-align:center;align-items:center;top:0;right:0;min-width:16px;height:16px;border-radius:16px;color:var(--WatsonAssistantChat-ACCENT-color-text);font-size:var(--WatsonAssistantChat-BASE-font-size-extra-small);background-color:var(--WatsonAssistantChat-CARBON-interactive-01)}#WACContainer.WACContainer[dir=rtl] .WAC__headerButtonContainer .WAC__countIndicator,#WACContainer.WACContainer[dir=rtl] .WACLauncher__Button .WAC__countIndicator{right:unset;left:0}#WACContainer.WACContainer .WAC__header .WAC__headerAgentInfo{display:-webkit-box;display:flex;-webkit-box-align:center;align-items:center;-webkit-box-flex:1;flex:1}#WACContainer.WACContainer .WAC__header .WAC__headerAgentOnlineStatus{width:8px;height:8px;border-radius:4px;margin-left:var(--WatsonAssistantChat-BASE-spacing-03);background-color:var(--WatsonAssistantChat-CARBON-inverse-support-02)}#WACContainer.WACContainer[dir=rtl] .WAC__header .WAC__headerAgentOnlineStatus{margin-left:0;margin-right:var(--WatsonAssistantChat-BASE-spacing-03)}#WACContainer.WACContainer .WAC__header .WAC__headerAgentOnlineStatus--offline{background-color:#e5e5e5}#WACContainer.WACContainer .WAC__header .WAC__agentAvatar{width:32px;height:32px;min-width:32px;margin-right:8px;display:-webkit-box;display:flex}#WACContainer.WACContainer[dir=rtl] .WAC__header .WAC__agentAvatar{margin-right:0;margin-left:8px}#WACContainer.WACContainer .WAC__header .WAC__agentAvatar img{border-radius:32px}#WACContainer.WACContainer #WACheaderBottomElement{flex-basis:100%}#WACContainer.WACContainer .WACHomeScreenContainer{flex-basis:100%}#WACContainer.WACContainer .WAC__homeScreen,#WACContainer.WACContainer .WACHomeScreenContainer{display:-webkit-box;display:flex;-webkit-box-orient:vertical;-webkit-box-direction:normal;flex-direction:column;height:100%}#WACContainer.WACContainer .WAC__homeScreen{background:var(--WatsonAssistantChat-CARBON-ui-background);color:var(--WatsonAssistantChat-CARBON-text-01)}#WACContainer.WACContainer .WAC__homeScreen .WAC__inputContainer{border-top:none}#WACContainer.WACContainer .WAC__homeScreen .WAC__headerContainer{border-bottom:none}#WACContainer.WACContainer .WAC__homeScreen .WAC__header-name{-webkit-box-flex:1;flex:1}#WACContainer.WACContainer .WAC__homeScreen .WAC__header{color:var(--WatsonAssistantChat-HOME_SCREEN-color-text);background:var(--WatsonAssistantChat-HOME_SCREEN-background);font-size:var(--WatsonAssistantChat-BASE-font-size-xlarge);-webkit-box-flex:0;flex-grow:0;flex-shrink:0}#WACContainer.WACContainer .WAC__homeScreen .WAC__header .WAC__header-name--citizen-with-default-homescreen{font-size:var(--WatsonAssistantChat-BASE-font-size-large)}#WACContainer.WACContainer .WAC__homeScreen .WAC__header .WAC__headerButtons button.WAC__button--ghost{color:currentColor}#WACContainer.WACContainer .WAC__homeScreen .WAC__header .WAC__headerButtons button.WAC__button--ghost:enabled:hover{background-color:var(--WatsonAssistantChat-HOME_SCREEN-color-hover)}#WACContainer.WACContainer .WAC__homeScreen .WAC__header .WAC__headerButtons button.WAC__button--ghost:enabled:focus{border-color:var(--WatsonAssistantChat-HOME_SCREEN-color-focus)}#WACContainer.WACContainer .WAC__homeScreen .WAC__header .WAC__headerButtons button.WAC__button--ghost:enabled:active{background-color:var(--WatsonAssistantChat-HOME_SCREEN-color-active)}#WACContainer.WACContainer .WAC__homeScreen-content{-webkit-box-flex:1;flex-grow:1;flex-shrink:1;height:100%;overflow-x:hidden;overflow-y:auto}#WACContainer.WACContainer .WAC__homeScreen-body{color:var(--WatsonAssistantChat-HOME_SCREEN-color-text);background:var(--WatsonAssistantChat-HOME_SCREEN-background);padding:var(--WatsonAssistantChat-BASE-spacing-06) var(--WatsonAssistantChat-BASE-spacing-05) var(--WatsonAssistantChat-BASE-spacing-05) var(--WatsonAssistantChat-BASE-spacing-05);margin-bottom:var(--WatsonAssistantChat-BASE-spacing-05)}#WACContainer.WACContainer .WAC__homeScreen-greeting{font-family:var(--WatsonAssistantChat-HOME_SCREEN-greeting-font-family);font-size:28px;line-height:36px;letter-spacing:0;opacity:0;word-wrap:break-word}#WACContainer.WACContainer .WAC__homeScreen-input{margin-top:var(--WatsonAssistantChat-BASE-spacing-09);border:1px solid var(--WatsonAssistantChat-CARBON-ui-03);opacity:0}#WACContainer.WACContainer .WAC__homeScreen.WAC__homeScreen--hydrationAnimationComplete .WAC__homeScreen-greeting{-webkit-animation:var(--WatsonAssistantChat-CARBON-duration--slow-01) var(--WatsonAssistantChat-CARBON-easing-entrance-expressive) WACFadeInUp .07s both;animation:var(--WatsonAssistantChat-CARBON-duration--slow-01) var(--WatsonAssistantChat-CARBON-easing-entrance-expressive) WACFadeInUp .07s both}#WACContainer.WACContainer .WAC__homeScreen.WAC__homeScreen--hydrationAnimationComplete .WAC__homeScreen-input{-webkit-animation:var(--WatsonAssistantChat-CARBON-duration--slow-01) var(--WatsonAssistantChat-CARBON-easing-entrance-expressive) WACFadeInUp .14s both;animation:var(--WatsonAssistantChat-CARBON-duration--slow-01) var(--WatsonAssistantChat-CARBON-easing-entrance-expressive) WACFadeInUp .14s both}#WACContainer.WACContainer .ibm-web-chat-card-home-screen.WAC__homeScreen-starters{border:none;padding:0}#WACContainer.WACContainer .ibm-web-chat-card-home-screen .WAC__homeScreen-starter{background-color:var(--WatsonAssistantChat-CARBON-ui-01);font-size:20px;line-height:26px;letter-spacing:0}#WACContainer.WACContainer .ibm-web-chat-card-home-screen .WAC__homeScreen-starter:first-child{border-radius:5px 5px 0 0;overflow:hidden}#WACContainer.WACContainer .ibm-web-chat-card-home-screen .WAC__homeScreen-starter:last-child{border-radius:0 0 5px 5px;overflow:hidden}#WACContainer.WACContainer .WAC__homeScreen-starter button.WAC__button--ghost:enabled{color:var(--WatsonAssistantChat-CARBON-link-01);display:-webkit-box;display:flex;width:100%;text-align:left;padding:var(--WatsonAssistantChat-BASE-spacing-05) calc(var(--WatsonAssistantChat-BASE-spacing-05) - var(--WatsonAssistantChat-BASE-border-width-med))}#WACContainer.WACContainer .WAC__homeScreen-starter button.WAC__button--round:enabled{display:block;font-size:14px;line-height:18px;margin-bottom:8px;letter-spacing:.16px;padding:4px 8px}#WACContainer.WACContainer .ibm-web-chat-card-home-screen .WAC__homeScreen-starter-text{-webkit-box-flex:1;flex-grow:1;padding-right:var(--WatsonAssistantChat-BASE-spacing-05);word-wrap:break-word}#WACContainer.WACContainer .ibm-web-chat-card-home-screen .WAC__homeScreen-starter-icon{flex-shrink:0;height:20px;width:20px}#WACContainer.WACContainer .WAC__homeScreen .ibm-web-chat-card-home-screen,#WACContainer.WACContainer .WAC__homeScreen .ibm-web-chat-card-home-screen--accent,#WACContainer.WACContainer .WAC__homeScreen .ibm-web-chat-card-home-screen--transparent,#WACContainer.WACContainer .WAC__homeScreen .ibm-web-chat-card-home-screen__title-outer{opacity:0}#WACContainer.WACContainer .WAC__homeScreen.WAC__homeScreen--hydrationAnimationComplete .ibm-web-chat-card-home-screen,#WACContainer.WACContainer .WAC__homeScreen.WAC__homeScreen--hydrationAnimationComplete .ibm-web-chat-card-home-screen--accent,#WACContainer.WACContainer .WAC__homeScreen.WAC__homeScreen--hydrationAnimationComplete .ibm-web-chat-card-home-screen--transparent,#WACContainer.WACContainer .WAC__homeScreen.WAC__homeScreen--hydrationAnimationComplete .ibm-web-chat-card-home-screen__title-outer{-webkit-animation:var(--WatsonAssistantChat-CARBON-duration--slow-01) var(--WatsonAssistantChat-CARBON-easing-entrance-expressive) WACFadeInUp .21s both;animation:var(--WatsonAssistantChat-CARBON-duration--slow-01) var(--WatsonAssistantChat-CARBON-easing-entrance-expressive) WACFadeInUp .21s both}#WACContainer.WACContainer[dir=rtl] .ibm-web-chat-card-home-screen .WAC__homeScreen-starter button.WAC__button--ghost:enabled,#WACContainer.WACContainer[dir=rtl] .WAC__homeScreen-greeting{text-align:right}#WACContainer.WACContainer[dir=rtl] .WAC__homeScreen-starter-icon{-webkit-transform:rotate(180deg);transform:rotate(180deg)}#WACContainer.WACContainer .WAC__hydrating{display:-webkit-box;display:flex;-webkit-box-align:center;align-items:center;-webkit-box-pack:center;justify-content:center;height:100%;background:var(--WatsonAssistantChat-CARBON-ui-background)}#WACContainer.WACContainer .WAC__hydrating.WAC__hydrating--homeScreen{background:var(--WatsonAssistantChat-HOME_SCREEN-background)}#WACContainer.WACContainer .WAC__hydrating .WAC__LoadingSpinner{width:48px;height:48px}#WACContainer.WACContainer .WAC__hydrating .WAC__LoadingSpinner path{stroke:var(--WatsonAssistantChat-CARBON-interactive-04)}#WACContainer.WACContainer .WAC__image{height:0;max-width:100%;opacity:0}#WACContainer.WACContainer .WAC__image--loading{height:192px;width:100%}#WACContainer.WACContainer .WAC__image--loading-description{height:var(--WatsonAssistantChat-BASE-font-size-med);width:80%}#WACContainer.WACContainer .WAC__image--loading-title{height:var(--WatsonAssistantChat-BASE-font-size-small);width:90%}#WACContainer.WACContainer .WAC__image--loaded{-webkit-animation-name:WACfadeInImg;animation-name:WACfadeInImg;-webkit-animation-iteration-count:1;animation-iteration-count:1;-webkit-animation-timing-function:var(--WatsonAssistantChat-CARBON-easing-standard-productive);animation-timing-function:var(--WatsonAssistantChat-CARBON-easing-standard-productive);-webkit-animation-duration:var(--WatsonAssistantChat-CARBON-duration--fast-02);animation-duration:var(--WatsonAssistantChat-CARBON-duration--fast-02);display:block;height:auto;opacity:1}#WACContainer.WACContainer .WAC__imageHolder{border-radius:var(--WatsonAssistantChat-BASE-border-radius-small);box-shadow:var(--WatsonAssistantChat-CARD-box-shadow)}#WACContainer.WACContainer .WAC__image--text{border-radius:var(--WatsonAssistantChat-BASE-border-radius-small) var(--WatsonAssistantChat-BASE-border-radius-small) 0 0}#WACContainer.WACContainer[dir=rtl] .WAC__image--text{border-radius:var(--WatsonAssistantChat-BASE-border-radius-small) 0 0 var(--WatsonAssistantChat-BASE-border-radius-small)}#WACContainer.WACContainer .WAC__image--no-text{border-radius:var(--WatsonAssistantChat-BASE-border-radius-small)}#WACContainer.WACContainer .WAC__image--textHolder{background:var(--WatsonAssistantChat-CARD-background);border-radius:0 0 var(--WatsonAssistantChat-BASE-border-radius-small) var(--WatsonAssistantChat-BASE-border-radius-small);font-size:var(--WatsonAssistantChat-BASE-font-size-med);line-height:var(--WatsonAssistantChat-BASE-line-height-med);padding:var(--WatsonAssistantChat-BASE-spacing-05)}#WACContainer.WACContainer[dir=rtl] .WAC__image--textHolder{border-radius:0 var(--WatsonAssistantChat-BASE-border-radius-small) var(--WatsonAssistantChat-BASE-border-radius-small) 0}#WACContainer.WACContainer .WAC__connectToAgent--description,#WACContainer.WACContainer .WAC__image--textHolder .WAC__image--loading-description:nth-child(2){margin-top:2px}#WACContainer.WACContainer .WAC__image--textHolder .WAC__image--description-margin{color:var(--WatsonAssistantChat-CARBON-text-02);margin-top:2px}#WACContainer.WACContainer .WAC__connectToAgent--title,#WACContainer.WACContainer .WAC__image--title{font-weight:var(--WatsonAssistantChat-BASE-weight-semibold)}@-webkit-keyframes WACfadeInImg{0%{opacity:0;-webkit-filter:grayscale(100%);filter:grayscale(100%)}to{opacity:1;-webkit-filter:grayscale(0);filter:grayscale(0)}}@keyframes WACfadeInImg{0%{opacity:0;-webkit-filter:grayscale(100%);filter:grayscale(100%)}to{opacity:1;-webkit-filter:grayscale(0);filter:grayscale(0)}}#WACContainer.WACContainer .WAC__inlineError{display:-webkit-box;display:flex;-webkit-box-orient:horizontal;-webkit-box-direction:normal;flex-direction:row;margin-left:-16px;max-width:var(--WatsonAssistantChat-MESSAGE-received-max-width)}#WACContainer.WACContainer[dir=rtl] .WAC__inlineError{margin-left:unset;margin-right:-16px}#WACContainer.WACContainer .WAC__inlineError--iconHolder{margin:0 var(--WatsonAssistantChat-BASE-spacing-03) 0 var(--WatsonAssistantChat-BASE-spacing-05);-webkit-box-flex:0;flex:0 0 var(--WatsonAssistantChat-BASE-border-radius-xlarge)}#WACContainer.WACContainer .WACAgentContainer .WAC__inlineError--iconHolder{-webkit-box-flex:unset;flex:unset;width:24px;padding-left:4px}#WACContainer.WACContainer[dir=rtl] .WAC__inlineError--iconHolder{margin:0 var(--WatsonAssistantChat-BASE-spacing-05) 0 var(--WatsonAssistantChat-BASE-spacing-03)}#WACContainer.WACContainer .WAC__inlineError--icon{height:var(--WatsonAssistantChat-BASE-border-radius-xlarge);width:var(--WatsonAssistantChat-BASE-border-radius-xlarge)}#WACContainer.WACContainer .WAC__inlineError--text{-webkit-box-flex:1;flex:1;font-size:var(--WatsonAssistantChat-BASE-font-size-med);margin-top:1px}#WACContainer.WACContainer .WAC__loading-ball{background-color:var(--WatsonAssistantChat-CARBON-interactive-04);border-radius:50%;height:6px;position:absolute;width:6px}#WACContainer.WACContainer .WAC__loading-ball:first-child{-webkit-animation:WACdot 1s infinite;animation:WACdot 1s infinite;-webkit-animation-delay:0s;animation-delay:0s;left:0;opacity:0}#WACContainer.WACContainer[dir=rtl] .WAC__loading-ball:first-child{left:unset;right:0}#WACContainer.WACContainer .WAC__loading-ball:nth-child(2){-webkit-animation:WACdot 1s infinite;animation:WACdot 1s infinite;-webkit-animation-delay:.2s;animation-delay:.2s;left:10px;opacity:0}#WACContainer.WACContainer[dir=rtl] .WAC__loading-ball:nth-child(2){left:unset;right:10px}#WACContainer.WACContainer .WAC__loading-ball:nth-child(3){-webkit-animation:WACdot 1s infinite;animation:WACdot 1s infinite;-webkit-animation-delay:.3s;animation-delay:.3s;left:20px;opacity:0}#WACContainer.WACContainer[dir=rtl] .WAC__loading-ball:nth-child(3){left:unset;right:20px}@-webkit-keyframes WACdot{0%{opacity:0}50%{opacity:0}to{opacity:1}}@keyframes WACdot{0%{opacity:0}50%{opacity:0}to{opacity:1}}#WACContainer.WACContainer .WAC__message{-webkit-animation:WACMessageIn var(--WatsonAssistantChat-CARBON-duration--fast-02) var(--WatsonAssistantChat-CARBON-easing-entrance-productive) both;animation:WACMessageIn var(--WatsonAssistantChat-CARBON-duration--fast-02) var(--WatsonAssistantChat-CARBON-easing-entrance-productive) both;display:block;position:relative;overflow:auto;margin:0}#WACContainer.WACContainer .WAC__message.WAC__message--no-animation{-webkit-animation:none;animation:none}#WACContainer.WACContainer .WAC__message .WAC__message--padding{padding:var(--WatsonAssistantChat-BASE-spacing-03) var(--WatsonAssistantChat-BASE-spacing-05) var(--WatsonAssistantChat-BASE-spacing-03) calc(var(--WatsonAssistantChat-BASE-spacing-05) - var(--WatsonAssistantChat-MESSAGE-bar-width))}#WACContainer.WACContainer[dir=rtl] .WAC__message .WAC__message--padding{padding:var(--WatsonAssistantChat-BASE-spacing-03) calc(var(--WatsonAssistantChat-BASE-spacing-05) - var(--WatsonAssistantChat-MESSAGE-bar-width)) var(--WatsonAssistantChat-BASE-spacing-03) var(--WatsonAssistantChat-BASE-spacing-05)}#WACContainer.WACContainer .WAC__message.WAC__message--firstMessage .WAC__message--padding{padding-top:var(--WatsonAssistantChat-BASE-spacing-05)}#WACContainer.WACContainer .WAC__message:last-child .WAC__message--padding{padding-bottom:var(--WatsonAssistantChat-BASE-spacing-07)}#WACContainer.WACContainer .WAC__messagesWithEndChat .WAC__message-0 .WAC__message--padding{padding-top:calc(var(--WatsonAssistantChat-AGENT-end-chat-container-height) + var(--WatsonAssistantChat-BASE-spacing-05))}#WACContainer.WACContainer .WAC__message.WAC__message--custom{overflow:unset}#WACContainer.WACContainer .WAC__message.WAC__message--custom .WAC__message--padding{padding:0 var(--WatsonAssistantChat-BASE-spacing-05) 0 var(--WatsonAssistantChat-BASE-spacing-05)}#WACContainer.WACContainer .WAC__message a{outline:none;text-decoration:none}#WACContainer.WACContainer .WAC__message a,#WACContainer.WACContainer .WAC__message a:visited{color:var(--WatsonAssistantChat-CARBON-link-01)}#WACContainer.WACContainer .WAC__message a:focus,#WACContainer.WACContainer .WAC__message a:hover{text-decoration:underline}#WACContainer.WACContainer .WAC__message:after{content:"";display:table;clear:both}#WACContainer.WACContainer .WAC__message--welcome,#WACContainer.WACContainer .WAC__message--welcome.WAC__message--welcome--typing{min-height:100%}#WACContainer.WACContainer .WAC__bot-message{display:-webkit-box;display:flex;-webkit-box-orient:horizontal;-webkit-box-direction:normal;flex-direction:row}#WACContainer.WACContainer .WAC__bot-bar{background-color:var(--WatsonAssistantChat-CARBON-interactive-01);-webkit-box-flex:0;flex:0 0 var(--WatsonAssistantChat-MESSAGE-bar-width)}#WACContainer.WACContainer .WAC__bot-bar,#WACContainer.WACContainer .WAC__bot-bar--hidden{border-radius:var(--WatsonAssistantChat-BASE-border-radius-xsmall);height:16px;margin-right:var(--WatsonAssistantChat-BASE-spacing-03);width:var(--WatsonAssistantChat-MESSAGE-bar-width)}#WACContainer.WACContainer[dir=rtl] .WAC__bot-bar,#WACContainer.WACContainer[dir=rtl] .WAC__bot-bar--hidden{margin-right:unset;margin-left:var(--WatsonAssistantChat-BASE-spacing-03)}#WACContainer.WACContainer .WAC__message--inlineError .WAC__bot-bar{background-color:transparent;-webkit-box-flex:0;flex:0}#WACContainer.WACContainer .WAC__bot-bar--hidden{visibility:hidden}#WACContainer.WACContainer .WAC__received{-webkit-box-flex:1;flex:1}#WACContainer.WACContainer .WAC__received--search ul{list-style:none}#WACContainer.WACContainer .WAC__received--search li{padding:0}#WACContainer.WACContainer .WAC__message-customResponse,#WACContainer.WACContainer .WAC__received--inlineError,#WACContainer.WACContainer .WAC__received--text{color:var(--WatsonAssistantChat-CARBON-text-01);position:relative;word-break:break-word;word-wrap:break-word;max-width:var(--WatsonAssistantChat-MESSAGE-received-max-width);font-size:var(--WatsonAssistantChat-BASE-font-size-med);line-height:var(--WatsonAssistantChat-BASE-line-height-med)}#WACContainer.WACContainer .WAC__received--image{position:relative;width:90%;word-break:break-word;word-wrap:break-word}#WACContainer.WACContainer .WAC__sentAndError-container{display:-webkit-box;display:flex;-webkit-box-pack:end;justify-content:flex-end}#WACContainer.WACContainer .WAC__message-error.WAC__message-error-failed,#WACContainer.WACContainer .WAC__message-error.WAC__message-error-retrying,#WACContainer.WACContainer .WAC__message-error.WAC__message-error-waiting{border-radius:16px;width:16px;height:16px}#WACContainer.WACContainer .WAC__message-error .WAC__LoadingSpinner circle{stroke-width:6}#WACContainer.WACContainer .WAC__sentAndError-container .WAC__message-error{margin-bottom:16px;margin-left:8px;align-self:center}#WACContainer.WACContainer[dir=rtl] .WAC__sentAndError-container .WAC__message-error{margin-left:unset;margin-right:8px}#WACContainer.WACContainer .WAC__sentAndError-container .WAC__message-error-failed svg{color:var(--WatsonAssistantChat-CARBON-support-01)}#WACContainer.WACContainer .WAC__sentAndError-container .WAC__message-error-failed svg path[data-icon-path=inner-path]{fill:var(--WatsonAssistantChat-CARBON-text-support-01);opacity:1}#WACContainer.WACContainer .WAC__sentAndError-container .WAC__message-error-retrying svg{color:var(--WatsonAssistantChat-CARBON-support-03)}#WACContainer.WACContainer .WAC__sentAndError-container .WAC__message-error-retrying svg path[data-icon-path=inner-path]{fill:var(--WatsonAssistantChat-CARBON-text-support-03);opacity:1}#WACContainer.WACContainer .WAC__received--loading,#WACContainer.WACContainer .WAC__searchResult,#WACContainer.WACContainer .WAC__sent{opacity:1;position:relative;word-break:break-word;word-wrap:break-word}#WACContainer.WACContainer .WAC__sent{border:1px solid var(--WatsonAssistantChat-SECONDARY-color);background:var(--WatsonAssistantChat-SECONDARY-color);border-radius:var(--WatsonAssistantChat-BASE-border-radius-med) var(--WatsonAssistantChat-BASE-border-radius-med) 0 var(--WatsonAssistantChat-BASE-border-radius-med);color:var(--WatsonAssistantChat-SECONDARY-color-text);font-size:var(--WatsonAssistantChat-BASE-font-size-med);line-height:var(--WatsonAssistantChat-BASE-line-height-med);margin-bottom:var(--WatsonAssistantChat-BASE-spacing-05);max-width:75%;padding:var(--WatsonAssistantChat-BASE-spacing-03) var(--WatsonAssistantChat-BASE-spacing-04)}#WACContainer.WACContainer[dir=rtl] .WAC__sent{border-radius:var(--WatsonAssistantChat-BASE-border-radius-med) var(--WatsonAssistantChat-BASE-border-radius-med) var(--WatsonAssistantChat-BASE-border-radius-med) 0}#WACContainer.WACContainer .WAC__sent:after{border-left:8px solid transparent;border-top:8px solid var(--WatsonAssistantChat-SECONDARY-color);bottom:-8px;content:"";position:absolute;right:-1px}#WACContainer.WACContainer[dir=rtl] .WAC__sent:after{border-right:8px solid transparent;border-left:unset;right:unset;left:-1px}#WACContainer.WACContainer .WAC__received--loading,#WACContainer.WACContainer .WAC__received--search{max-width:var(--WatsonAssistantChat-MESSAGE-received-max-width)}#WACContainer.WACContainer .WAC__received--loading{border:none;height:48px;padding:var(--WatsonAssistantChat-BASE-spacing-05) 0;top:0;width:48px;margin-left:var(--WatsonAssistantChat-BASE-spacing-03)}#WACContainer.WACContainer[dir=rtl] .WAC__received--loading{margin-left:unset;margin-right:var(--WatsonAssistantChat-BASE-spacing-03)}#WACContainer.WACContainer .WAC__received--options,#WACContainer.WACContainer .WAC__received--suggestion{position:relative;word-break:break-word;word-wrap:break-word;max-width:var(--WatsonAssistantChat-MESSAGE-received-max-width)}#WACContainer.WACContainer .WAC__received--search{font-size:var(--WatsonAssistantChat-BASE-font-size-med);line-height:var(--WatsonAssistantChat-BASE-line-height-med)}#WACContainer.WACContainer .WACAgentContainer .WAC__message .WAC__message--padding{padding-left:var(--WatsonAssistantChat-BASE-spacing-05)}#WACContainer.WACContainer[dir=rtl] .WACAgentContainer .WAC__message .WAC__message--padding{padding-right:var(--WatsonAssistantChat-BASE-spacing-05)}#WACContainer.WACContainer .WAC__bot-message .WAC__received--agentStatusMessage{color:var(--WatsonAssistantChat-CARBON-text-05);font-size:var(--WatsonAssistantChat-BASE-font-size-med)}#WACContainer.WACContainer .WACAgentContainer .WAC__bot-message .WAC__bot-bar--hidden{margin:0;width:0}#WACContainer.WACContainer .WAC__bot-message .WAC__agentAvatar{width:24px;height:24px;margin-right:8px}#WACContainer.WACContainer[dir=rtl] .WAC__bot-message .WAC__agentAvatar{margin-right:unset;margin-left:8px}#WACContainer.WACContainer .WAC__bot-message .WAC__agentAvatar img{border-radius:24px}@-webkit-keyframes WACMessageIn{0%{opacity:0}to{opacity:1}}@keyframes WACMessageIn{0%{opacity:0}to{opacity:1}}@media screen and (min-width:380px) and (max-width:500px){#WACContainer.WACContainer .WAC__bot-bar,#WACContainer.WACContainer .WAC__bot-bar--hidden{height:21px}}#WACContainer.WACContainer .WAC__messagesEndChatPadding{position:absolute;width:100%;height:var(--WatsonAssistantChat-AGENT-end-chat-container-height);top:0;z-index:1}#WACContainer.WACContainer .WAC__messagesEndChatContainer{width:100%;background-color:var(--WatsonAssistantChat-CARBON-ui-01);display:-webkit-box;display:flex;-webkit-box-pack:end;justify-content:flex-end;padding:var(--WatsonAssistantChat-BASE-spacing-03) var(--WatsonAssistantChat-BASE-spacing-05)}#WACContainer.WACContainer .WAC__messagesEndChatContainer .WAC__messagesEndChatButton{margin-bottom:0}#WACContainer.WACContainer .WAC__messages-holder{-webkit-box-flex:1;flex:1;position:relative;display:-webkit-box;display:flex;-webkit-box-orient:vertical;-webkit-box-direction:normal;flex-direction:column}#WACContainer.WACContainer .WAC__messages{height:100%;overflow-x:auto;overflow-y:scroll;width:100%;-webkit-box-flex:1;flex:1}#WACContainer.WACContainer .WAC__messages:focus{outline:none}#WACContainer.WACContainer .WACMessages-scrollHandle{width:0;height:0;overflow:hidden;position:relative}#WACContainer.WACContainer .WAC__messages--scrollHandleHasFocus:after{top:0;pointer-events:none;box-sizing:border-box;content:"";position:absolute;width:100%;height:100%;border:2px solid var(--WatsonAssistantChat-CARBON-focus);z-index:1}#WACContainer.WACContainer .WACAgentContainer .WAC__bot-message .WAC__received--loading{margin-left:16px}#WACContainer.WACContainer[dir=rtl] .WACAgentContainer .WAC__bot-message .WAC__received--loading{margin-left:unset;margin-right:16px}#WACContainer.WACContainer .WAC__messages-error{display:-webkit-box;display:flex;-webkit-box-align:center;align-items:center;-webkit-box-pack:center;justify-content:center;padding:var(--WatsonAssistantChat-BASE-spacing-05)}#WACContainer.WACContainer .WAC__received--metablock{color:var(--WatsonAssistantChat-CARBON-text-01);font-size:var(--WatsonAssistantChat-BASE-font-size-med);line-height:var(--WatsonAssistantChat-BASE-line-height-med)}#WACContainer.WACContainer .WAC__received--metablock-content:nth-child(2){margin-top:var(--WatsonAssistantChat-BASE-spacing-03)}#WACContainer.WACContainer .WAC__overlay-panel{position:absolute;display:block;top:0;border-radius:0;box-sizing:border-box;height:100%;margin:0;min-height:360px;min-width:320px;text-align:left;width:100%}#WACContainer.WACContainer[dir=rtl] .WAC__overlay-panel{left:unset;right:0;text-align:right}#WACContainer.WACContainer .WAC__overlay-panel--closed{display:none}#WACContainer.WACContainer .WAC__overlay-panel--opening--fadeIn{-webkit-animation:var(--WatsonAssistantChat-CARBON-duration--moderate-02) var(--WatsonAssistantChat-CARBON-easing-entrance-expressive) WACFadeIn both;animation:var(--WatsonAssistantChat-CARBON-duration--moderate-02) var(--WatsonAssistantChat-CARBON-easing-entrance-expressive) WACFadeIn both}#WACContainer.WACContainer .WAC__overlay-panel--opening--slideInFromLeft{-webkit-animation:var(--WatsonAssistantChat-CARBON-duration--moderate-02) var(--WatsonAssistantChat-CARBON-easing-entrance-expressive) WACSlideInFromLeft both;animation:var(--WatsonAssistantChat-CARBON-duration--moderate-02) var(--WatsonAssistantChat-CARBON-easing-entrance-expressive) WACSlideInFromLeft both}#WACContainer.WACContainer .WAC__overlay-panel--opening--slideInFromRight,#WACContainer.WACContainer[dir=rtl] .WAC__overlay-panel--opening--slideInFromLeft{-webkit-animation:var(--WatsonAssistantChat-CARBON-duration--moderate-02) var(--WatsonAssistantChat-CARBON-easing-entrance-expressive) WACSlideInFromRight both;animation:var(--WatsonAssistantChat-CARBON-duration--moderate-02) var(--WatsonAssistantChat-CARBON-easing-entrance-expressive) WACSlideInFromRight both}#WACContainer.WACContainer[dir=rtl] .WAC__overlay-panel--opening--slideInFromRight{-webkit-animation:var(--WatsonAssistantChat-CARBON-duration--moderate-02) var(--WatsonAssistantChat-CARBON-easing-entrance-expressive) WACSlideInFromLeft both;animation:var(--WatsonAssistantChat-CARBON-duration--moderate-02) var(--WatsonAssistantChat-CARBON-easing-entrance-expressive) WACSlideInFromLeft both}#WACContainer.WACContainer .WAC__overlay-panel--closing--fadeOut{-webkit-animation:var(--WatsonAssistantChat-CARBON-duration--moderate-01) var(--WatsonAssistantChat-CARBON-easing-exit-expressive) WACFadeOut both;animation:var(--WatsonAssistantChat-CARBON-duration--moderate-01) var(--WatsonAssistantChat-CARBON-easing-exit-expressive) WACFadeOut both}#WACContainer.WACContainer .WAC__overlay-panel--closing--slideOutToLeft{-webkit-animation:var(--WatsonAssistantChat-CARBON-duration--moderate-01) var(--WatsonAssistantChat-CARBON-easing-exit-expressive) WACSlideOutToLeft both;animation:var(--WatsonAssistantChat-CARBON-duration--moderate-01) var(--WatsonAssistantChat-CARBON-easing-exit-expressive) WACSlideOutToLeft both}#WACContainer.WACContainer .WAC__overlay-panel--closing--slideOutToRight{-webkit-animation:var(--WatsonAssistantChat-CARBON-duration--moderate-01) var(--WatsonAssistantChat-CARBON-easing-exit-expressive) WACSlideOutToRight both;animation:var(--WatsonAssistantChat-CARBON-duration--moderate-01) var(--WatsonAssistantChat-CARBON-easing-exit-expressive) WACSlideOutToRight both}#WACContainer.WACContainer .WAC__overlay-panel--closing--slideOutToTop{-webkit-animation:var(--WatsonAssistantChat-CARBON-duration--slow-01) var(--WatsonAssistantChat-CARBON-easing-exit-expressive) WACSlideOutToTop both;animation:var(--WatsonAssistantChat-CARBON-duration--slow-01) var(--WatsonAssistantChat-CARBON-easing-exit-expressive) WACSlideOutToTop both}#WACContainer.WACContainer[dir=rtl] .WAC__overlay-panel--closing--slideOutToLeft{-webkit-animation:var(--WatsonAssistantChat-CARBON-duration--moderate-01) var(--WatsonAssistantChat-CARBON-easing-exit-expressive) WACSlideOutToRight both;animation:var(--WatsonAssistantChat-CARBON-duration--moderate-01) var(--WatsonAssistantChat-CARBON-easing-exit-expressive) WACSlideOutToRight both}#WACContainer.WACContainer[dir=rtl] .WAC__overlay-panel--closing--slideOutToRight{-webkit-animation:var(--WatsonAssistantChat-CARBON-duration--moderate-01) var(--WatsonAssistantChat-CARBON-easing-exit-expressive) WACSlideOutToLeft both;animation:var(--WatsonAssistantChat-CARBON-duration--moderate-01) var(--WatsonAssistantChat-CARBON-easing-exit-expressive) WACSlideOutToLeft both}#WACContainer.WACContainer .WAC__connectToAgent--preview .WAC__connectToAgent--description{padding:0}#WACContainer.WACContainer .WAC__process-in-progress{display:-webkit-box;display:flex;-webkit-box-align:center;align-items:center;-webkit-box-pack:justify;justify-content:space-between;border-left:3px solid var(--WatsonAssistantChat-CARBON-support-04);color:var(--WatsonAssistantChat-CARBON-inverse-01);background-color:var(--WatsonAssistantChat-CARBON-inverse-02);border-bottom:1px solid var(--WatsonAssistantChat-CARBON-ui-background);padding-right:var(--WatsonAssistantChat-BASE-spacing-03)}#WACContainer.WACContainer[dir=rtl] .WAC__process-in-progress{border-left:unset;border-right:3px solid var(--WatsonAssistantChat-CARBON-support-04);padding-right:unset;padding-left:var(--WatsonAssistantChat-BASE-spacing-03)}#WACContainer.WACContainer .WAC__process-in-progress .WAC__process-in-progress-text{padding:12px 4px 12px 13px;-webkit-box-flex:1;flex:1;display:-webkit-box;display:flex}#WACContainer.WACContainer[dir=rtl] .WAC__process-in-progress .WAC__process-in-progress-text{padding:12px 13px 12px 4px}#WACContainer.WACContainer .WAC__process-in-progress .WAC__process-in-progress-text b{-webkit-box-flex:1;flex:1}#WACContainer.WACContainer .WAC__process-in-progress button.WAC__button--ghost{color:var(--WatsonAssistantChat-CARBON-inverse-link)}#WACContainer.WACContainer .WAC__process-in-progress button.WAC__button--ghost:focus{border-color:transparent;outline:2px solid var(--WatsonAssistantChat-CARBON-inverse-focus-ui);outline-offset:-4px}#WACContainer.WACContainer .WAC__process-in-progress button.WAC__button--ghost:active,#WACContainer.WACContainer .WAC__process-in-progress button.WAC__button--ghost:hover{background-color:var(--WatsonAssistantChat-CARBON-inverse-hover-ui)}#WACContainer.WACContainer .WAC__process-in-progress .WAC__button--base{height:100%;padding:0 14px}#WACContainer.WACContainer .WAC__process-launcher .WAC__button--round{display:-webkit-box;display:flex}#WACContainer.WACContainer .WAC__process-launcher .WAC__button--round svg{margin-left:8px;fill:var(--WatsonAssistantChat-CARBON-text-01);width:16px;height:16px}#WACContainer.WACContainer[dir=rtl] .WAC__process-launcher .WAC__button--round svg{margin-left:unset;margin-right:8px}#WACContainer.WACContainer .WAC__process-launcher .WAC__button--round:active svg{fill:var(--WatsonAssistantChat-CARBON-inverse-01)}#WACContainer.WACContainer .WAC__RichText b,#WACContainer.WACContainer .WAC__RichText strong{font-weight:var(--WatsonAssistantChat-BASE-weight-semibold)}#WACContainer.WACContainer .WAC__RichText em,#WACContainer.WACContainer .WAC__RichText i{font-style:italic}#WACContainer.WACContainer .WAC__RichText ol,#WACContainer.WACContainer .WAC__RichText ul{padding-top:var(--WatsonAssistantChat-BASE-spacing-03);padding-bottom:var(--WatsonAssistantChat-BASE-spacing-03)}#WACContainer.WACContainer .WAC__RichText ol{counter-reset:ol-counter}#WACContainer.WACContainer .WAC__RichText ol ol,#WACContainer.WACContainer .WAC__RichText ol ul,#WACContainer.WACContainer .WAC__RichText ul ol,#WACContainer.WACContainer .WAC__RichText ul ul{padding-left:var(--WatsonAssistantChat-BASE-spacing-05);padding-bottom:0}#WACContainer.WACContainer[dir=rtl] .WAC__RichText ol ol,#WACContainer.WACContainer[dir=rtl] .WAC__RichText ol ul,#WACContainer.WACContainer[dir=rtl] .WAC__RichText ul ol,#WACContainer.WACContainer[dir=rtl] .WAC__RichText ul ul{padding-left:unset;padding-right:var(--WatsonAssistantChat-BASE-spacing-05)}#WACContainer.WACContainer .WAC__RichText li:not(:last-child){padding-bottom:var(--WatsonAssistantChat-BASE-spacing-03)}#WACContainer.WACContainer .WAC__RichText ul li{margin-left:.7em;position:relative}#WACContainer.WACContainer[dir=rtl] .WAC__RichText ul li{margin-left:unset;margin-right:.7em}#WACContainer.WACContainer .WAC__RichText ol li{margin-left:1.3em;position:relative;counter-increment:ol-counter}[dir=rtl] #WACContainer.WACContainer .WAC__RichText ol li{margin-left:unset;margin-right:1.3em}#WACContainer.WACContainer .WAC__RichText ol li:nth-child(1n+10){margin-left:1.9em}#WACContainer.WACContainer[dir=rtl] .WAC__RichText ol li:nth-child(1n+10){margin-left:unset;margin-right:1.9em}#WACContainer.WACContainer .WAC__RichText ol li:nth-child(1n+10):before{margin-right:1.9em;left:-1.9em}#WACContainer.WACContainer[dir=rtl] .WAC__RichText ol li:nth-child(1n+10):before{margin-right:unset;left:unset;margin-left:1.9em;right:1.9em}#WACContainer.WACContainer .WAC__RichText input[type=text],#WACContainer.WACContainer .WAC__RichText textarea{font-size:inherit;font-family:inherit;padding:0;border:var(--WatsonAssistantChat-BASE-border-width-med) solid transparent}#WACContainer.WACContainer .WAC__RichText input:focus,#WACContainer.WACContainer .WAC__RichText textarea:focus{border-color:var(--WatsonAssistantChat-CARBON-focus)}#WACContainer.WACContainer .WAC__RichText input,#WACContainer.WACContainer .WAC__RichText textarea{margin:0 var(--WatsonAssistantChat-BASE-spacing-03)}#WACContainer.WACContainer .WAC__RichText input[type=checkbox]:focus,#WACContainer.WACContainer .WAC__RichText input[type=radio]:focus{outline:solid 2px var(--WatsonAssistantChat-CARBON-focus)}#WACContainer.WACContainer .WAC__RichText table{width:100%}#WACContainer.WACContainer .WAC__RichText table th{font-weight:var(--WatsonAssistantChat-BASE-weight-semibold)}#WACContainer.WACContainer .WAC__RichText button{font-size:var(--WatsonAssistantChat-BASE-font-size-small);line-height:var(--WatsonAssistantChat-BASE-line-height-small);padding:var(--WatsonAssistantChat-BASE-spacing-02) var(--WatsonAssistantChat-BASE-spacing-03)}#WACContainer.WACContainer .WAC__searchMessage--metablock{padding-bottom:var(--WatsonAssistantChat-BASE-spacing-03)}#WACContainer.WACContainer .WAC__searchResult{background-color:var(--WatsonAssistantChat-CARD-background);border-radius:var(--WatsonAssistantChat-BASE-border-radius-small);box-shadow:var(--WatsonAssistantChat-CARD-box-shadow);border:var(--WatsonAssistantChat-BASE-border-width-med) solid transparent;color:var(--WatsonAssistantChat-CARBON-text-01);display:block;font-size:var(--WatsonAssistantChat-BASE-font-size-med);margin-bottom:var(--WatsonAssistantChat-BASE-spacing-03)}#WACContainer.WACContainer .WAC__searchResult .WAC__searchResult--padding{padding:var(--WatsonAssistantChat-BASE-spacing-05) var(--WatsonAssistantChat-BASE-spacing-05);position:relative}#WACContainer.WACContainer .WAC__message a.WAC__searchResult{color:var(--WatsonAssistantChat-CARBON-text-01)}#WACContainer.WACContainer .WAC__message a.WAC__searchResult:focus{text-decoration:none;border-color:var(--WatsonAssistantChat-CARBON-focus);box-shadow:var(--WatsonAssistantChat-CARD-box-shadow)}#WACContainer.WACContainer .WAC__message a.WAC__searchResult:hover{text-decoration:none;background:var(--WatsonAssistantChat-CARBON-hover-ui);box-shadow:var(--WatsonAssistantChat-CARD-box-shadow)}#WACContainer.WACContainer .WAC__message a.WAC__searchResult:active{text-decoration:none;background:var(--WatsonAssistantChat-CARBON-active-ui)}#WACContainer.WACContainer .WAC__message a.WAC__searchResult:visited{color:var(--WatsonAssistantChat-CARBON-text-01)}#WACContainer.WACContainer .WAC__message a.WAC__searchResult.WAC__searchResult--disabled{pointer-events:none;cursor:default}#WACContainer.WACContainer a.WAC__searchResult:first-child{margin-top:0}#WACContainer.WACContainer .WAC__searchResponseBody{overflow:hidden;text-overflow:ellipsis;word-wrap:break-word;white-space:nowrap}#WACContainer.WACContainer[dir=rtl] .WAC__searchResponseBody{padding-right:unset}#WACContainer.WACContainer .WAC__searchResponseBody.WAC__searchResponseBody--full{overflow:hidden;text-overflow:unset;word-wrap:break-word;white-space:normal}#WACContainer.WACContainer[dir=rtl] .WAC__searchResponseBody.WAC__searchResponseBody--full{padding-right:unset}#WACContainer.WACContainer .WAC__searchResponseBody-moreToggle{display:-webkit-box;display:flex;font-family:inherit;-webkit-box-align:center;align-items:center;margin-top:var(--WatsonAssistantChat-BASE-spacing-03);line-height:0}#WACContainer.WACContainer .WAC__searchResponseBody-moreToggle .WAC__searchResponseBody-moreToggle-text{font-size:var(--WatsonAssistantChat-BASE-font-size-small);color:var(--WatsonAssistantChat-CARBON-link-01);margin-right:var(--WatsonAssistantChat-BASE-spacing-03)}#WACContainer.WACContainer[dir=rtl] .WAC__searchResponseBody-moreToggle .WAC__searchResponseBody-moreToggle-text{margin-right:unset;margin-left:var(--WatsonAssistantChat-BASE-spacing-03)}#WACContainer.WACContainer .WAC__searchResponseBody-moreToggle .WAC__searchResponseBody-moreToggle-icon{width:16px;height:16px;fill:var(--WatsonAssistantChat-CARBON-link-01)}@supports (-webkit-line-clamp:5){#WACContainer.WACContainer .WAC__searchResponseBody{-webkit-box-orient:vertical;display:-webkit-box;text-overflow:revert;-webkit-line-clamp:5;white-space:normal}#WACContainer.WACContainer .WAC__searchResponseBody.WAC__searchResponseBody--full{-webkit-box-orient:unset;display:block;text-overflow:revert;white-space:normal}}#WACContainer.WACContainer[dir=rtl] .WAC__searchResponseTitle{padding-right:unset}#WACContainer.WACContainer .WAC__searchResponseTitle{font-size:var(--WatsonAssistantChat-BASE-font-size-small);color:var(--WatsonAssistantChat-CARBON-text-05);display:-webkit-box;display:flex;-webkit-box-align:center;align-items:center;margin-top:var(--WatsonAssistantChat-BASE-spacing-05)}#WACContainer.WACContainer .WAC__searchResponseTitle--noBody{margin-top:unset}#WACContainer.WACContainer .WAC__searchResponseTitle-anchor{display:-webkit-box;display:flex}#WACContainer.WACContainer .WAC__Link-svg{fill:var(--WatsonAssistantChat-CARBON-text-05);height:var(--WatsonAssistantChat-BASE-spacing-04);width:var(--WatsonAssistantChat-BASE-spacing-04);margin-right:var(--WatsonAssistantChat-BASE-spacing-01);margin-left:-2px;-webkit-box-flex:0;flex:0 0 auto}#WACContainer.WACContainer[dir=rtl] .WAC__Link-svg{margin-left:unset;margin-right:.5em;-webkit-transform:scaleX(-1);transform:scaleX(-1);-webkit-box-flex:0;flex:0 0 auto;-webkit-box-ordinal-group:2;order:1}#WACContainer.WACContainer .WAC__Link{color:var(--WatsonAssistantChat-CARBON-link-01);text-decoration:none}#WACContainer.WACContainer a.WAC__searchResult .WAC__Link-svg{position:absolute;top:var(--WatsonAssistantChat-BASE-spacing-05);right:var(--WatsonAssistantChat-BASE-spacing-05);width:16px;height:16px}#WACContainer.WACContainer[dir=rtl] a.WAC__searchResult .WAC__Link-svg{right:unset;left:var(--WatsonAssistantChat-BASE-spacing-05)}#WACContainer.WACContainer .WAC__SentMessageProgress{display:-webkit-box;display:flex;position:absolute;bottom:0;left:0;z-index:2;height:3px;width:100%}#WACContainer.WACContainer .WAC__SentMessageProgress_Bar{height:3px;background-color:var(--WatsonAssistantChat-CARBON-support-04);-webkit-transition:width .2s;transition:width .2s;width:0}@media screen and (max-width:500px){#WACContainer.WACContainer .WAC__SentMessageProgress{margin-top:-2px;height:2px}#WACContainer.WACContainer .WAC__SentMessageProgress_Bar{height:2px}}#WACContainer.WACContainer .WAC__TextArea{position:relative}#WACContainer.WACContainer .WAC__TextArea .WAC__TextArea-textarea{width:100%;height:100%;font:inherit;color:inherit;border:var(--WatsonAssistantChat-BASE-border-width-med) solid transparent}#WACContainer.WACContainer .WAC__TextArea .WAC__TextArea-textarea:focus{border-color:var(--WatsonAssistantChat-CARBON-focus)}#WACContainer.WACContainer .WAC__TextArea.WAC__TextArea--autoSize .WAC__TextArea-textarea{position:absolute;top:0;overflow:hidden}#WACContainer.WACContainer .WAC__TextArea .WAC__TextArea-sizer{visibility:hidden;padding-bottom:1px;white-space:pre-wrap;word-wrap:break-word}#WACContainer.WACContainer .WACVisuallyHidden{position:absolute;width:1px;height:1px;overflow:hidden;clip:rect(0 0 0 0);-webkit-clip-path:inset(50%);clip-path:inset(50%);white-space:nowrap}#WACContainer.WACContainer{font-family:var(--WatsonAssistantChat-BASE-font-family)}#WACContainer.WACContainer .WACWidget.WACWidget{visibility:visible;position:relative;display:-webkit-box;display:flex;-webkit-box-orient:vertical;-webkit-box-direction:normal;flex-direction:column;height:100%;text-rendering:optimizeLegibility;-webkit-font-smoothing:antialiased;-webkit-tap-highlight-color:rgba(0,0,0,0);-moz-osx-font-smoothing:grayscale;box-shadow:var(--WatsonAssistantChat-BASE-box-shadow);font-size:var(--WatsonAssistantChat-BASE-font-size-med);line-height:var(--WatsonAssistantChat-BASE-line-height-med)}#WACContainer.WACContainer .WACWidget .WACWidget__animationContainer{position:relative;overflow:hidden;width:100%;height:100%;z-index:1}#WACContainer.WACContainer .WACWidget.WACWidget--launched.WACWidget--defaultElement{-webkit-animation:WACWidgetIn var(--WatsonAssistantChat-CARBON-duration--moderate-02) var(--WatsonAssistantChat-CARBON-easing-entrance-expressive) both;animation:WACWidgetIn var(--WatsonAssistantChat-CARBON-duration--moderate-02) var(--WatsonAssistantChat-CARBON-easing-entrance-expressive) both}#WACContainer.WACContainer .WACWidget.WACWidget--closing.WACWidget--defaultElement{-webkit-animation:WACWidgetOut .1s cubic-bezier(.55,.085,.68,.53) both;animation:WACWidgetOut .1s cubic-bezier(.55,.085,.68,.53) both}#WACContainer.WACContainer .WACWidget.WACWidget--closed.WACWidget--defaultElement{display:none}#WACContainer.WACContainer .WACWidget.WACWidget--defaultElement{bottom:var(--WatsonAssistantChat-BASE-bottom-position);height:var(--WatsonAssistantChat-BASE-height);max-height:var(--WatsonAssistantChat-BASE-max-height);min-height:var(--WatsonAssistantChat-BASE-min-height);position:fixed;left:var(--WatsonAssistantChat-BASE-left-position);right:var(--WatsonAssistantChat-BASE-right-position);top:var(--WatsonAssistantChat-BASE-top-position);width:var(--WatsonAssistantChat-BASE-width);z-index:var(--WatsonAssistantChat-BASE-z-index)}#WACContainer.WACContainer[dir=rtl] .WACWidget.WACWidget--defaultElement{right:var(--WatsonAssistantChat-BASE-left-position);left:var(--WatsonAssistantChat-BASE-right-position)}@media screen and (max-height:500px),screen and (max-width:500px){#WACContainer.WACContainer:not(.WACContainer-disableMobileEnhancements) .WACWidget{bottom:var(--WatsonAssistantChat-BASE-bottom-position);height:var(--WatsonAssistantChat-BASE-height);max-height:var(--WatsonAssistantChat-BASE-max-height);min-height:var(--WatsonAssistantChat-BASE-min-height);position:fixed;left:var(--WatsonAssistantChat-BASE-left-position);right:var(--WatsonAssistantChat-BASE-right-position);top:var(--WatsonAssistantChat-BASE-top-position);width:var(--WatsonAssistantChat-BASE-width);z-index:var(--WatsonAssistantChat-BASE-z-index)}#WACContainer.WACContainer[dir=rtl]:not(.WACContainer-disableMobileEnhancements) .WACWidget{right:var(--WatsonAssistantChat-BASE-left-position);left:var(--WatsonAssistantChat-BASE-right-position)}}#WACContainer.WACContainer .WAC{align-content:stretch;-webkit-box-align:stretch;align-items:stretch;background-color:var(--WatsonAssistantChat-CARBON-ui-background);border-radius:0;box-sizing:border-box;color:var(--WatsonAssistantChat-CARBON-text-01);display:-webkit-box;display:flex;-webkit-box-flex:1;flex:1;-webkit-box-orient:vertical;-webkit-box-direction:normal;flex-direction:column;height:100%;margin:0;min-height:180px;min-width:320px;text-align:left;width:100%}#WACContainer.WACContainer .WAC.WACAgentApp{min-width:unset}#WACContainer.WACContainer[dir=rtl] .WAC{text-align:right}#WACContainer.WACContainer .WACBotContainer{position:absolute;left:0;top:0;width:100%;height:100%}@-webkit-keyframes WACWidgetIn{0%{bottom:calc(var(--WatsonAssistantChat-BASE-bottom-position) - var(--WatsonAssistantChat-BASE-spacing-07));opacity:0}to{bottom:var(--WatsonAssistantChat-BASE-bottom-position);opacity:1}}@keyframes WACWidgetIn{0%{bottom:calc(var(--WatsonAssistantChat-BASE-bottom-position) - var(--WatsonAssistantChat-BASE-spacing-07));opacity:0}to{bottom:var(--WatsonAssistantChat-BASE-bottom-position);opacity:1}}@-webkit-keyframes WACWidgetOut{0%{opacity:1}to{opacity:0}}@keyframes WACWidgetOut{0%{opacity:1}to{opacity:0}}#WACContainer.WACContainer .WACLauncher{color:var(--WatsonAssistantChat-ACCENT-color-text)}#WACContainer.WACContainer .WACLauncher__ButtonContainer{-webkit-animation:WACLauncherIn var(--WatsonAssistantChat-CARBON-duration--moderate-01) var(--WatsonAssistantChat-CARBON-easing-entrance-expressive) both;animation:WACLauncherIn var(--WatsonAssistantChat-CARBON-duration--moderate-01) var(--WatsonAssistantChat-CARBON-easing-entrance-expressive) both;background-color:#fff;bottom:var(--WatsonAssistantChat-LAUNCHER-position-bottom);border-radius:var(--WatsonAssistantChat-BASE-border-radius-xsmall);position:fixed;right:var(--WatsonAssistantChat-LAUNCHER-position-bottom);box-shadow:var(--WatsonAssistantChat-BASE-box-shadow);z-index:var(--WatsonAssistantChat-BASE-z-index)}#WACContainer.WACContainer[dir=rtl] .WACLauncher__ButtonContainer{left:var(--WatsonAssistantChat-LAUNCHER-position-bottom);right:unset}#WACContainer.WACContainer .WACLauncher__ButtonContainer.WACLauncher__ButtonContainer--open{visibility:hidden}#WACContainer.WACContainer button.WACLauncher__Button.WAC__button--base{display:-webkit-box;display:flex;-webkit-box-align:center;align-items:center;-webkit-box-pack:center;justify-content:center;padding:0;border-radius:var(--WatsonAssistantChat-BASE-border-radius-xsmall);height:56px;width:56px;-webkit-transition:background .25s ease-in-out,-webkit-transform .15s ease;transition:background .25s ease-in-out,-webkit-transform .15s ease;transition:background .25s ease-in-out,transform .15s ease;transition:background .25s ease-in-out,transform .15s ease,-webkit-transform .15s ease}#WACContainer.WACContainer button.WACLauncher__Button:focus{border-width:var(--WatsonAssistantChat-BASE-border-width-large)}#WACContainer.WACContainer button.WACLauncher__Button svg{width:32px;height:32px}#WACContainer.WACContainer .WACLauncher__svg{fill:currentColors}#WACContainer.WACContainer .WACLauncher__Button .WAC__countIndicator{top:calc(0px - var(--WatsonAssistantChat-BASE-spacing-03));right:calc(0px - var(--WatsonAssistantChat-BASE-spacing-03))}#WACContainer.WACContainer button[type=button].WACLauncher__Button.WACLauncher__Button--small{border:3px solid transparent;display:block;height:76px;background-repeat:no-repeat;background-size:70px 70px;background-position:right 0 top 50%;width:76px;text-align:left}#WACContainer.WACContainer button[type=button].WACLauncher__Button.WACLauncher__Button--large{border:3px solid transparent;display:block;font-size:16px;line-height:22px;height:76px;background-repeat:no-repeat;background-size:70px 70px;background-position:right 0 top 50%;min-width:360px;max-width:100vw;text-align:left;width:auto}#WACContainer.WACContainer button[type=button].WACLauncher__Button.WACLauncher__Button--large.WACLauncher__Button--reveal{min-width:76px}#WACContainer.WACContainer button[type=button].WACLauncher__Button.WACLauncher__Button--large:active,#WACContainer.WACContainer button[type=button].WACLauncher__Button.WACLauncher__Button--large:focus,#WACContainer.WACContainer button[type=button].WACLauncher__Button.WACLauncher__Button--large:hover,#WACContainer.WACContainer button[type=button].WACLauncher__Button.WACLauncher__Button--small:active,#WACContainer.WACContainer button[type=button].WACLauncher__Button.WACLauncher__Button--small:focus,#WACContainer.WACContainer button[type=button].WACLauncher__Button.WACLauncher__Button--small:hover{background-color:var(--WatsonAssistantChat-CARBON-interactive-01);box-shadow:inset 0 0 0 1px var(--WatsonAssistantChat-ACCENT-color-text);border:3px solid var(--WatsonAssistantChat-CARBON-interactive-01);outline:1px solid var(--WatsonAssistantChat-ACCENT-color-text);outline-offset:-4px}#WACContainer.WACContainer button[type=button].WACLauncher__Button.WACLauncher__Button--large .WACLauncher__Button--launcher_text{padding:13px 32px 13px 13px;min-width:250px;opacity:1}#WACContainer.WACContainer button[type=button].WACLauncher__Button.WACLauncher__Button--reveal .WACLauncher__Button--launcher_text{opacity:0}#WACContainer.WACContainer button[type=button].WACLauncher__Button.WACLauncher__Button--reveal.WACLauncher__Button--reveal--open,#WACContainer.WACContainer button[type=button].WACLauncher__Button.WACLauncher__Button--reveal.WACLauncher__Button--reveal--opening{min-width:360px}#WACContainer.WACContainer button[type=button].WACLauncher__Button.WACLauncher__Button--reveal.WACLauncher__Button--reveal--open .WACLauncher__Button--launcher_text{-webkit-animation:WACFadeIn .3s linear both,WACLauncherTextFromBottom .2s cubic-bezier(.39,.575,.565,1) both;animation:WACFadeIn .3s linear both,WACLauncherTextFromBottom .2s cubic-bezier(.39,.575,.565,1) both}#WACContainer.WACContainer button[type=button].WACLauncher__Button.WACLauncher__Button--reveal.WACLauncher__Button--reveal--closed .Watson-Assistant-Citizen--launcher_text,#WACContainer.WACContainer button[type=button].WACLauncher__Button.WACLauncher__Button--reveal.WACLauncher__Button--reveal--closing .Watson-Assistant-Citizen--launcher_text{-webkit-animation:WACFadeOut .3s linear both,WACLauncherTextToTop .2s cubic-bezier(.65,0,.35,1) both;animation:WACFadeOut .3s linear both,WACLauncherTextToTop .2s cubic-bezier(.65,0,.35,1) both}#WACContainer.WACContainer button[type=button].WACLauncher__Button.WACLauncher__Button--reveal.WACLauncher__Button--reveal--closed,#WACContainer.WACContainer button[type=button].WACLauncher__Button.WACLauncher__Button--reveal.WACLauncher__Button--reveal--closing{-webkit-animation:WACLauncherWidthOut .2s cubic-bezier(.65,0,.35,1) .1s both;animation:WACLauncherWidthOut .2s cubic-bezier(.65,0,.35,1) .1s both}#WACContainer.WACContainer button[type=button].WACLauncher__Button.WACLauncher__Button--reveal.WACLauncher__Button--reveal--closed .WACLauncher__Button--launcher_text{display:none}#WACContainer.WACContainer .WAC__button-holder{margin-top:var(--WatsonAssistantChat-BASE-spacing-03)}#WACContainer.WACContainer .WAC__button-holder ul{list-style:none;margin-bottom:calc(0 - var(--WatsonAssistantChat-BASE-spacing-03))}#WACContainer.WACContainer .WAC__button-holder ul li{display:inline}#WACContainer.WACContainer .WAC__AlternateSuggestionsOptionsPanel .WAC__button-holder button,#WACContainer.WACContainer .WAC__button-holder ul li button,#WACContainer.WACContainer .WAC__messages .WAC__messagesEndChatButton,#WACContainer.WACContainer .WAC__process-launcher .WAC__button--round{margin-right:var(--WatsonAssistantChat-BASE-spacing-03);display:-webkit-inline-box;display:inline-flex;font-family:inherit;font-size:var(--WatsonAssistantChat-BASE-font-size-small);line-height:var(--WatsonAssistantChat-BASE-line-height-small);margin-top:var(--WatsonAssistantChat-BASE-spacing-03);padding:var(--WatsonAssistantChat-BASE-spacing-02) var(--WatsonAssistantChat-BASE-spacing-03);text-align:left;word-break:break-word;word-wrap:break-word}#WACContainer.WACContainer[dir=rtl] .WAC__AlternateResponsesPanel .WAC__button-holder button,#WACContainer.WACContainer[dir=rtl] .WAC__button-holder ul li button,#WACContainer.WACContainer[dir=rtl] .WAC__message .WAC__AlternateResponsesButton,#WACContainer.WACContainer[dir=rtl] .WAC__messages .WAC__messagesEndChatButton,#WACContainer.WACContainer[dir=rtl] .WAC__process-launcher .WAC__button--round{margin-right:unset;margin-left:var(--WatsonAssistantChat-BASE-spacing-03);text-align:right}#WACContainer.WACContainer .WAC__selectHolder{margin-top:var(--WatsonAssistantChat-BASE-spacing-05);position:relative}#WACContainer.WACContainer .WAC__selectArrow{fill:var(--WatsonAssistantChat-CARBON-text-01);height:6px;pointer-events:none;width:12px;overflow:hidden}#WACContainer.WACContainer .WAC__customSelect-toggle--label{-webkit-box-flex:1;flex:1}#WACContainer.WACContainer .WAC__customSelect-toggle{background:none;background-color:var(--WatsonAssistantChat-CARBON-field-01);border:var(--WatsonAssistantChat-BASE-border-width-med) solid transparent;border-radius:0;color:var(--WatsonAssistantChat-CARBON-text-01);cursor:pointer;font-family:inherit;font-size:var(--WatsonAssistantChat-BASE-font-size-med);line-height:var(--WatsonAssistantChat-BASE-line-height-med);text-align:left;padding:var(--WatsonAssistantChat-BASE-spacing-04) var(--WatsonAssistantChat-BASE-spacing-04);width:100%;word-break:break-word;word-wrap:break-word;display:-webkit-box;display:flex;-webkit-box-align:center;align-items:center}#WACContainer.WACContainer[dir=rtl] .WAC__customSelect-toggle{text-align:right}#WACContainer.WACContainer .WAC__customSelect-toggle svg{width:16px;height:16px}#WACContainer.WACContainer .WAC__customSelect-toggle::-moz-focus-inner{border:none}#WACContainer.WACContainer .WAC__customSelect-toggle:hover{background-color:var(--WatsonAssistantChat-CARBON-hover-ui)}#WACContainer.WACContainer .WAC__customSelect-toggle.WAC__customSelect-toggle--open{border-bottom:solid var(--WatsonAssistantChat-BASE-border-width-med) var(--WatsonAssistantChat-CARBON-ui-02)}#WACContainer.WACContainer .WAC__customSelect-toggle.WAC__customSelect-toggle--open:hover{background-color:var(--WatsonAssistantChat-CARBON-field-01)}#WACContainer.WACContainer .WAC__customSelect-toggle *{cursor:pointer}#WACContainer.WACContainer .WAC__customSelect-toggle:focus{border-color:var(--WatsonAssistantChat-CARBON-focus);outline:none}#WACContainer.WACContainer .WAC__customSelect-toggle:active{background:none;background-color:var(--WatsonAssistantChat-CARBON-field-01)}#WACContainer.WACContainer .WAC__customSelect-data{height:0;margin:0;overflow:hidden;padding:0}#WACContainer.WACContainer .WAC__customSelect-data--open{background-color:var(--WatsonAssistantChat-CARBON-field-01);box-shadow:0 3px 3px 0 var(--WatsonAssistantChat-CARBON-skeleton-01);border-radius:0;height:auto;max-height:256px;overflow:auto}#WACContainer.WACContainer[dir=rtl] .WAC__customSelect-data--open{box-shadow:0 0 3px 3px var(--WatsonAssistantChat-CARBON-skeleton-01)}#WACContainer.WACContainer .WAC__customSelect-item,#WACContainer.WACContainer .WAC__customSelect-list{display:block;margin:0;padding:0}#WACContainer.WACContainer .WAC__customSelect-item{color:var(--WatsonAssistantChat-CARBON-text-01);box-shadow:none;box-sizing:content-box;cursor:pointer;display:block;overflow:visible;font-size:var(--WatsonAssistantChat-BASE-font-size-med);line-height:var(--WatsonAssistantChat-BASE-line-height-med);text-align:left;user-select:none;-webkit-user-select:none;-moz-user-select:none;-ms-user-select:none;word-break:break-word;word-wrap:break-word}#WACContainer.WACContainer[dir=rtl] .WAC__customSelect-item{text-align:right}#WACContainer.WACContainer .WAC__customSelect-item *{cursor:pointer}#WACContainer.WACContainer .WAC__customSelectTemporaryPadding{padding-bottom:var(--WatsonAssistantChat-BASE-spacing-05)}#WACContainer.WACContainer .WAC__customSelectHolder--disabled .WAC__customSelect-item,#WACContainer.WACContainer .WAC__customSelectHolder--disabled .WAC__customSelect-item *{cursor:not-allowed}#WACContainer.WACContainer .WAC__customSelect-item-content{border-left:0;border-right:0;border-top:var(--WatsonAssistantChat-BASE-border-width-small) solid transparent;border-bottom:var(--WatsonAssistantChat-BASE-border-width-small) solid var(--WatsonAssistantChat-CARBON-ui-02);border-radius:0;display:block;margin:-1px var(--WatsonAssistantChat-BASE-spacing-05) 0 var(--WatsonAssistantChat-BASE-spacing-05);padding:var(--WatsonAssistantChat-BASE-spacing-04) 0;width:calc(100% - var(--WatsonAssistantChat-BASE-spacing-05) - var(--WatsonAssistantChat-BASE-spacing-05))}#WACContainer.WACContainer .WAC__customSelect-item--selected{background-color:var(--WatsonAssistantChat-CARBON-hover-ui);border-color:transparent;color:var(--WatsonAssistantChat-CARBON-text-01);outline:0}#WACContainer.WACContainer .WAC__customSelectHolder--disabled .WAC__customSelect-data--open,#WACContainer.WACContainer .WAC__customSelectHolder--disabled .WAC__customSelect-toggle>*{opacity:.65}#WACContainer.WACContainer .WAC__customSelect-item--selected .WAC__customSelect-item-content,#WACContainer.WACContainer .WAC__customSelect-list .WAC__customSelect-item:last-child .WAC__customSelect-item-content,#WACContainer.WACContainer .WAC__customSelectHolder:not(.WAC__customSelectHolder--disabled) .WAC__customSelect-item--highlighted .WAC__customSelect-item-content,#WACContainer.WACContainer .WAC__customSelectHolder:not(.WAC__customSelectHolder--disabled) .WAC__customSelect-item:hover .WAC__customSelect-item-content{border-bottom-color:transparent}#WACContainer.WACContainer .WAC__customSelectHolder:not(.WAC__customSelectHolder--disabled) .WAC__customSelect-item--highlighted,#WACContainer.WACContainer .WAC__customSelectHolder:not(.WAC__customSelectHolder--disabled) .WAC__customSelect-item:hover{background-color:var(--WatsonAssistantChat-CARBON-hover-ui);border-color:transparent;color:var(--WatsonAssistantChat-CARBON-text-01);outline:0}#WACContainer.WACContainer .WAC__HeaderCitizen{font-family:var(--WatsonAssistantChat-HOME_SCREEN-greeting-font-family);font-size:28px;line-height:36px;font-weight:400;letter-spacing:0;position:relative;padding:0 var(--WatsonAssistantChat-BASE-spacing-05) var(--WatsonAssistantChat-BASE-spacing-07) var(--WatsonAssistantChat-BASE-spacing-05)}#WACContainer.WACContainer .WAC__HeaderCitizen--closed{padding:0 var(--WatsonAssistantChat-BASE-spacing-05) 0 var(--WatsonAssistantChat-BASE-spacing-05)}#WACContainer.WACContainer .WAC__HeaderCitizen--closed .WAC__HeaderCitizen_icon_holder{height:0}#WACContainer.WACContainer .WAC__HeaderCitizen--withHomeScreen.WAC__HeaderCitizen--closed .WAC__HeaderCitizen_icon_holder{opacity:1}#WACContainer.WACContainer .WAC__HeaderCitizen--closed .WAC__HeaderCitizen_icon{top:-40px;height:32px;width:32px}#WACContainer.WACContainer .WAC__HeaderCitizen_icon_holder{position:relative;height:70px;width:75px;opacity:0}#WACContainer.WACContainer .WAC__HeaderCitizen_icon{-webkit-animation-name:WACLogoLoop;animation-name:WACLogoLoop;-webkit-animation-duration:1.8333s;animation-duration:1.8333s;-webkit-animation-timing-function:steps(54);animation-timing-function:steps(54);-webkit-animation-iteration-count:infinite;animation-iteration-count:infinite;background-size:5500%,100%;background-position:0;background-repeat:no-repeat;height:70px;left:0;position:absolute;top:0;width:70px}#WACContainer.WACContainer[dir=rtl] .WAC__HeaderCitizen_icon{left:unset;right:0}#WACContainer.WACContainer .WAC__HeaderCitizen_greeting{opacity:0;padding:var(--WatsonAssistantChat-BASE-spacing-06) 0 0 0}#WACContainer.WACContainer .WAC__HeaderCitizen_watson_assistant{opacity:0}#WACContainer.WACContainer .WAC__HeaderCitizen--isHydrationAnimationComplete .WAC__HeaderCitizen_icon_holder{-webkit-animation:var(--WatsonAssistantChat-CARBON-duration--slow-01) var(--WatsonAssistantChat-CARBON-easing-entrance-expressive) WACFadeInUp both;animation:var(--WatsonAssistantChat-CARBON-duration--slow-01) var(--WatsonAssistantChat-CARBON-easing-entrance-expressive) WACFadeInUp both}#WACContainer.WACContainer .WAC__HeaderCitizen--isHydrationAnimationComplete.WAC__HeaderCitizen--withHomeScreen .WAC__HeaderCitizen_icon_holder{-webkit-animation:none;animation:none}#WACContainer.WACContainer .WAC__HeaderCitizen--isHydrationAnimationComplete .WAC__HeaderCitizen_greeting{-webkit-animation:var(--WatsonAssistantChat-CARBON-duration--slow-01) var(--WatsonAssistantChat-CARBON-easing-entrance-expressive) WACFadeInUp .07s both;animation:var(--WatsonAssistantChat-CARBON-duration--slow-01) var(--WatsonAssistantChat-CARBON-easing-entrance-expressive) WACFadeInUp .07s both}#WACContainer.WACContainer .WAC__HeaderCitizen--isHydrationAnimationComplete .WAC__HeaderCitizen_watson_assistant{-webkit-animation:var(--WatsonAssistantChat-CARBON-duration--slow-01) var(--WatsonAssistantChat-CARBON-easing-entrance-expressive) WACFadeInUp .14s both;animation:var(--WatsonAssistantChat-CARBON-duration--slow-01) var(--WatsonAssistantChat-CARBON-easing-entrance-expressive) WACFadeInUp .14s both}</style><style class="variables-custom-b1020ad9-c9b2-4a8b-a725-36621d702a95" data-wac-css-b1020ad9-c9b2-4a8b-a725-36621d702a95="true">.WACContainer-b1020ad9-c9b2-4a8b-a725-36621d702a95{--WatsonAssistantChat-BASE-font-family:ProximaNova;--WatsonAssistantChat-PRIMARY-color:#001919;--WatsonAssistantChat-PRIMARY-color-hover:#333333;--WatsonAssistantChat-PRIMARY-color-focus:#333333;--WatsonAssistantChat-PRIMARY-color-active:#333333;--WatsonAssistantChat-SECONDARY-color:#001919;--WatsonAssistantChat-CHAT-HEADER-background:#001919;--WatsonAssistantChat-THEME-focus:#001919;--WatsonAssistantChat-MESSAGE-sent-background-color:#001919;--WatsonAssistantChat-BUTTON-primary-background-enabled:#001919;--WatsonAssistantChat-BUTTON-primary-background-enabled-hover:#333333;--WatsonAssistantChat-BASE-z-index:70;--WatsonAssistantChat-PRIMARY-color-text:#ffffff;--WatsonAssistantChat-SECONDARY-color-text:#ffffff;--WatsonAssistantChat-CARBON-highlight:#00e5e6;--WatsonAssistantChat-CARBON-inverse-support-04:#004c4d;--WatsonAssistantChat-CARBON-interactive-01:#001919;--WatsonAssistantChat-CARBON-interactive-03:#001919;--WatsonAssistantChat-CARBON-interactive-04:#001919;--WatsonAssistantChat-CARBON-focus:#001919;--WatsonAssistantChat-CARBON-hover-tertiary:#000000;--WatsonAssistantChat-CARBON-hover-primary:#000000;--WatsonAssistantChat-CARBON-support-04:#000000;--WatsonAssistantChat-CARBON-hover-primary-text:#000000;--WatsonAssistantChat-CARBON-active-primary:#000000;--WatsonAssistantChat-CARBON-active-tertiary:#000000;--WatsonAssistantChat-ACCENT-color-text:#ffffff;--WatsonAssistantChat-ACCENT-color-ghost-text:#001919;}</style></div><div data-web-chat-uuid-render="b1020ad9-c9b2-4a8b-a725-36621d702a95"><div id="WACWidget" class="WACWidget WACWidget--defaultElement WACWidget--launched WACWidget--closed" aria-label="Chat window"><div class="WACWidget__animationContainer"></div><div class="WACWidget__modalPortalHost"></div></div><div class="WACLauncher__ButtonContainer"><button aria-label="Open the chat window" class="WACLauncher__Button WACLauncher--b1020ad9-c9b2-4a8b-a725-36621d702a95 WAC__button--base WAC__button--primary" id="WACLauncher__Button" type="button"><svg focusable="false" preserveAspectRatio="xMidYMid meet" xmlns="http://www.w3.org/2000/svg" fill="currentColor" width="32" height="32" viewBox="0 0 32 32" aria-hidden="true" class="WACLauncher__svg"><path d="M17.74,30,16,29l4-7h6a2,2,0,0,0,2-2V8a2,2,0,0,0-2-2H6A2,2,0,0,0,4,8V20a2,2,0,0,0,2,2h9v2H6a4,4,0,0,1-4-4V8A4,4,0,0,1,6,4H26a4,4,0,0,1,4,4V20a4,4,0,0,1-4,4H21.16Z"></path><path d="M8 10H24V12H8zM8 16H18V18H8z"></path></svg></button></div><div class="WACVisuallyHidden WACAriaAnnouncer"><div aria-live="polite"></div><div aria-live="polite"></div></div><div id="a11y-status-message" role="status" aria-live="polite" aria-relevant="additions text" class="WACVisuallyHidden "></div></div></div></div><script type="text/javascript" src="./Search Results _ Giant_files/saved_resource"></script><script type="text/javascript" src="./Search Results _ Giant_files/saved_resource"></script><div style="display: none; visibility: hidden;">

<script>window.dataLayer=window.dataLayer||[];window.dataLayer.push({event:"clear-algorhytm",recommendationAlgorithm:"",modelId:""});</script>
</div>
<script type="text/javascript" id="">(function(){var l=function(e,g,f,h){this.get=function(a){a+="\x3d";for(var b=document.cookie.split(";"),c=0,k=b.length;c<k;c++){for(var d=b[c];" "==d.charAt(0);)d=d.substring(1,d.length);if(0==d.indexOf(a))return d.substring(a.length,d.length)}return null};this.set=function(a,b){var c=new Date;c.setTime(c.getTime()+6048E5);c="; expires\x3d"+c.toGMTString();document.cookie=a+"\x3d"+b+c+"; path\x3d/; "};this.check=function(){var a=this.get(f);if(a)a=a.split(":");else if(100!=e)"v"==g&&(e=Math.random()>=
e/100?0:100),a=[g,e,0],this.set(f,a.join(":"));else return!0;var b=a[1];if(100==b)return!0;switch(a[0]){case "v":return!1;case "r":return b=a[2]%Math.floor(100/b),a[2]++,this.set(f,a.join(":")),!b}return!0};this.go=function(){if(this.check()){var a=document.createElement("script");a.type="text/javascript";a.src=h;document.body&&document.body.appendChild(a)}};this.start=function(){var a=this;"complete"!==document.readyState?window.addEventListener?window.addEventListener("load",function(){a.go()},
!1):window.attachEvent&&window.attachEvent("onload",function(){a.go()}):a.go()}};try{(new l(100,"r","QSI_S_ZN_3f8e6TCEOtW1Rnn","https://zn3f8e6tceotw1rnn-aholddelhaize.siteintercept.qualtrics.com/SIE/?Q_ZID\x3dZN_3f8e6TCEOtW1Rnn")).start()}catch(e){}})();</script><script type="text/javascript" src="./Search Results _ Giant_files/saved_resource"></script><div id="ZN_3f8e6TCEOtW1Rnn"></div>
<div style="display: none; visibility: hidden;"><script>var DATALAYER_OBJECT_NAME="dataLayer",referrerOverride=function(a){var b=window[DATALAYER_OBJECT_NAME]||[];b.push({event:"optimizely-referrer-override","optimizely-referrer":a})},sendCampaignData=function(a,b){if(a=optimizely.get("data")&&optimizely.get("data").campaigns[a]&&optimizely.get("data").campaigns[a].integrationSettings&&optimizely.get("data").campaigns[a].integrationSettings.google_universal_analytics&&optimizely.get("data").campaigns[a].integrationSettings.google_universal_analytics.universal_analytics_slot){var e=
window[DATALAYER_OBJECT_NAME]||[];e.push({event:"campaign-decided","optimizely-dimension-value":b,"optimizely-dimension-number":a})}},initNewOptimizelyIntegration=function(a,b){var e=!1,d=function(f){var c=window.optimizely.get&&window.optimizely.get("state"),d=c.getRedirectInfo()&&c.getRedirectInfo().referrer;!e&&d&&(a(d),e=!0);c=c.getDecisionString({campaignId:f});b(f,c)},g=function(){window.optimizely=window.optimizely||[];window.optimizely.push({type:"addListener",filter:{type:"lifecycle",name:"campaignDecided"},
handler:function(a){a=a.data.campaign.id;d(a)}})},h=function(){var a=window.optimizely&&window.optimizely.get&&window.optimizely.get("state");if(a){a=a.getCampaignStates({isActive:!0});for(var b in a)d(b)}};h();g()},initOptimizelyIntegration=function(a,b){initNewOptimizelyIntegration(a,b)};initOptimizelyIntegration(referrerOverride,sendCampaignData);</script></div>
<script type="text/javascript" id="" src="./Search Results _ Giant_files/c3metrics-828.js.download"></script>
<script type="text/javascript" id="">(function(g,e,a,f,b,c,d){b.ire_o=a;b[a]=b[a]||function(){(b[a].a=b[a].a||[]).push(arguments)};c=f.createElement(e);d=f.getElementsByTagName(e)[0];c.async=1;c.src=g;d.parentNode.insertBefore(c,d)})("//d.impactradius-event.com/A2054615-cfda-46f7-ad30-2e233a24a2931.js","script","ire",document,window);console.log("Impact - Universal: not loggedIn");</script>

<script type="text/javascript" id="">ire("identify",{campaignId:10968,customerId:"",customerEmail:""});console.log("Impact - identify: not loggedIn");</script>

<script type="text/javascript" id="" src="./Search Results _ Giant_files/core.js(1).download"></script><script src="./Search Results _ Giant_files/gpt.js.download" type="text/javascript"></script><iframe id="google_osd_static_frame_3494205895666" name="google_osd_static_frame" style="display: none; width: 0px; height: 0px;" src="./Search Results _ Giant_files/saved_resource.html"></iframe></body></html>